2724 4600
220 223 280 290 168
464 221 499 284 P.
522 218 752 283 VIRGILll
775 219 1004 284 MARONIS

218 346 426 408 Concurrunt
437 342 617 431 Tyrrhenae
628 342 728 420 aciae,
742 357 841 430 atque
853 341 1005 406 omnibus
1017 339 1077 405 uni

217 449 284 512 Uni
297 447 447 536 odiisque
460 449 530 512 viro
543 448 681 535 telisque
694 446 921 536 frequentibus
934 447 1065 512 instant.

217 553 292 632 Ille,
307 555 397 618 velut
409 577 522 641 rupes,
536 570 663 617 vastum
677 575 750 641 quae
761 550 873 639 prodit
885 553 918 615 in
931 575 1058 640 aequor,

218 657 323 722 Obvia
336 676 510 724 ventorum
523 659 629 736 iunia,
644 675 844 746 expostaque
857 675 974 745 ponto,

217 763 295 826 Vim
307 780 458 827 cunctam
470 781 568 852 atque
581 765 684 828 minas
697 765 820 850 perfert
833 764 970 852 caelique
982 763 1164 850 marisque,
1214 774 1255 834 sni
1350 749 1351 758 ἵ

217 867 294 954 lpse
306 868 429 932 inmota
441 891 592 948 manens;
605 869 732 955 prolem
745 867 958 932 Dolichaonis
971 866 1121 932 Hebrum

219 973 340 1037 Sternit
351 973 459 1050 humi,
473 997 547 1039 cum
562 989 629 1063 quo
643 977 814 1060 Latagum,
828 973 1043 1060 Palmumque
1056 972 1222 1059 fugacem3

219 1078 284 1143 Sed
297 1081 455 1167 Latagum
467 1103 558 1159 saxo,
571 1097 670 1168 atque
682 1079 807 1166 ingenti
818 1077 978 1164 fragmine
991 1077 1113 1140 montis

220 1185 369 1272 Occupat
381 1208 417 1249 os
430 1186 614 1275 faciemque
627 1183 954 1272 adversamzpoplite
967 1181 1116 1246 Palmum
1350 1271 1351 1284 χ

221 1289 354 1354 Sueciso
366 1290 454 1354 volvi
466 1314 600 1376 segnem
612 1290 873 1376 sinit3armaque
885 1290 993 1352 Lauso
1220 1315 1262 1360 700

222 1397 332 1460 Donat
343 1395 465 1460 habere
477 1395 638 1476 humeris,
652 1412 685 1460 et
696 1397 818 1460 vertice
831 1395 931 1482 figere
943 1395 1065 1458 cristas,

223 1500 372 1565 Necnon
385 1500 557 1565 Euanthen
572 1499 760 1589 Phrygium,
775 1497 965 1588 Paridisque
978 1500 1138 1562 Mimanta

254 1683 307 1744 691.
331 1687 413 1744 Tyride
426 1687 495 1732 Goth.
512 1703 558 1734 aec.
578 1689 613 1732 Ne
631 1688 718 1748 cogites
732 1687 761 1732 de
776 1685 897 1751 Tyrrhidis
914 1686 957 1730 Vll
962 1720 969 1742 ‚
987 1683 1045 1742 [1843
1062 1696 1095 1730 est
1112 1687 1176 1730 enim
1189 1700 1265 1734 ments

223 1749 314 1798 librarii
331 1767 419 1816 stupor.
441 1772 499 1802 unus
517 1757 621 1802 Parthas.
639 1768 662 1802 et
678 1773 691 1801 a
709 1773 739 1801 m.
759 1773 804 1802 sec.
826 1755 923 1802 Dorrill.
940 1783 972 1793 -
983 1754 1041 1816 694.
1059 1763 1198 1818 expostaque
1213 1754 1264 1799 Ald.

224 1844 255 1858 ···
271 1823 324 1884 695.
345 1825 438 1888 prefert
457 1828 523 1874 Leid.
543 1854 574 1864 -
592 1828 645 1890 696.
665 1837 740 1872 monet
756 1831 848 1874 siranus
864 1828 959 1889 quidem
977 1843 1030 1872 meo
1048 1842 1129 1880 sensu,
1146 1825 1266 1888 Oblongua

224 1894 295 1940 Pierii
307 1908 331 1941 et
342 1897 427 1943 Medic.
441 1916 493 1944 am.
506 1915 552 1946 aec.
565 1901 619 1960 (sed
631 1916 688 1962 apr.
701 1901 812 1959 manent),
820 1911 938 1960 receptura
946 1914 1040 1962 quoque
1048 1897 1266 1950 nuncaBrunclsio;

224 1965 256 2008 ita
268 1981 324 2010 vero
334 1965 413 2012 delicit
422 1969 618 2030 complementum
631 1973 766 2016 sententiae:
782 1967 819 2014 ilie
829 1971 891 2014 enim
900 1983 948 2014 non
960 1968 1032 2015 habet
1042 1967 1152 2022 verbum,
1162 1966 1193 2011 ad
1204 1965 1269 2028 quod

226 2049 250 2080 se
261 2036 357 2093 referat,
371 2041 416 2084 nisi
428 2041 514 2086 scribat
525 2057 530 2086 τ
543 2039 592 2097 iila,
603 2041 862 2104 velut'rupes-minos
876 2039 963 2102 perfert
977 2038 1069 2103 coebqtte
1085 2041 1210 2100 marisque,
1222 2040 1269 2098 ipsa

227 2109 331 2163 immota,
343 2120 430 2166 manen
439 2123 465 2157 ut
475 2115 503 2158 sit
516 2116 562 2175 ipse
572 2122 652 2158 manet.
663 2113 709 2158 Sed
718 2112 762 2158 boc
769 2127 850 2173 parum
859 2111 943 2172 placet.
951 2113 1044 2156 Praestat
1050 2125 1119 2172 prava
1130 2111 1269 2169 interpunc-

228 2180 293 2223 tione
311 2192 397 2242 mutata
413 2184 554 2238 rescribere,
567 2196 593 2228 ut
607 2185 665 2230 feci:
683 2181 720 2228 ille
728 2207 759 2217 -
767 2181 852 2244 prolem
863 2207 894 2217 -
907 2183 992 2227 Sternit
1007 2180 1075 2226 humi.
1095 2194 1172 2224 mnes
1190 2180 1268 2224 Fraus.

227 2263 321 2294 monens
334 2262 410 2297 tamen
421 2255 486 2299 Rom.
500 2268 522 2302 et
533 2255 618 2317 reliqui
629 2270 716 2300 omnes.
727 2252 801 2314 proles
813 2253 871 2299 alter
886 2255 967 2299 llamb.
978 2255 1036 2298 Tum
1049 2249 1213 2310 ΒοὶγοΙιαοπίε,
1224 2251 1269 2295 Do·

230 2313 333 2374 liemon,
347 2319 503 2380 Dolichaonis,
517 2323 656 2376 Helicaonis,
671 2321 822 2368 Doniclroonis
836 2322 924 2368 librarii
936 2341 941 2370 z
952 2322 1081 2387 prolemque
1089 2323 1192 2366 Licnonis
1205 2320 1274 2364 Mon-

230 2386 301 2442 ¹³lbo
311 2402 367 2452 etp,
381 2393 490 2451 Lycaonis
504 2395 545 2440 Ed.
559 2396 619 2439 Ven.
631 2395 669 2438 Eat
681 2395 762 2454 utique
774 2409 828 2438 vera
843 2392 925 2448 lertio,
938 2410 1008 2456 quam
1021 2405 1044 2438 et
1057 2392 1177 2438 Medieeus
1188 2389 1272 2444 habet,

230 2455 388 2506 Dob'chaoru's:
403 2461 549 2522 endingen,
563 2462 601 2509 vel
613 2457 702 2517 Δολίχκ
716 2473 756 2505 aut
767 2457 872 2519 Δολιχῖι,
889 2479 941 2524 quae
960 2462 1041 2508 insulae
1059 2461 1089 2506 ad
1104 2461 1197 2522 Lyciam
1209 2471 1271 2515 erat,

228 2529 293 2574 unda
302 2528 441 2590 Δολιχαῖος,
451 2529 583 2592 autigine.
596 2557 627 2568 -
640 2531 694 2592 697.
706 2529 844 2595 Latioqum,
858 2533 981 2598 botegun,
992 2536 1106 2597 Litaqom,
1119 2530 1191 2576 iidem
1203 2531 1270 2590 stipi-

231 2610 266 2646 tes
277 2600 380 2649 librarii:
394 2617 416 2650 et
435 2605 543 2650 Palmum.
554 2627 585 2640 --
595 2601 649 2662 698,
666 2603 749 2666 letaqo
763 2603 870 2650 maluisse
891 2605 1012 2651 Heinsiurn
1030 2616 1108 2650 narrat
1125 2605 1203 2647 Burm.
1221 2602 1272 2645 Non

230 2683 314 2732 sequar
325 2689 330 2717 :
342 2674 452 2737 Lampon
466 2667 544 2733 (aerii
554 2667 594 2730 oi)
608 2686 632 2717 os
646 2687 666 2716 ο.
680 2683 714 2716 eat
728 2671 826 2718 doctius.
844 2677 937 2738 inperitis
944 2675 980 2737 fr.
994 2677 1074 2720 montis
1086 2683 1131 2718 tres
1145 2687 1182 2732 ap.
1194 2671 1270 2714 liurm.

231 2767 262 2779 ·-
274 2743 327 2804 699.
341 2744 459 2790 adversum
474 2744 534 2790 Gud.
547 2759 559 2788 a
571 2758 602 2786 m.
614 2758 650 2803 pr.
662 2757 765 2788 aversum
777 2746 859 2791 Frane.
872 2746 965 2792 adverso
978 2744 1083 2790 Perrhae.
1095 2743 1190 2788 adverso
1204 2739 1272 2786 Goth.

232 2827 279 2858 see.
290 2837 322 2848 -·
336 2829 388 2875 70⁰·
400 2813 484 2860 involvi
495 2815 577 2857 Fraus.
591 2827 699 2875 armoque
714 2810 776 2874 lapso
790 2815 879 2861 zulich.
891 2841 921 2850 -
933 2829 986 2876 7⁰²·
1000 2811 1117 2858 Euanthen
1128 2827 1156 2857 ex
1166 2810 1273 2856 Medieeo

233 2977 328 3012 caussa
344 2973 370 3012 et
389 2972 481 3011 auctor
495 2961 727 3022 inventusesset.»
776 2964 856 3035 quale
869 2984 912 3036 ap,
924 2965 1068 3014 Homerum
1078 2960 1111 3011 de
1120 2961 1234 3010 Hectore
1247 2968 1272 3009 et

234 3041 339 3108 -69n
360 3035 489 3110 Tyrrheni
508 3039 536 3088 in
554 3041 641 3090 AEneae
658 3041 730 3108 arie,
775 3041 1047 3116 Polydamantalliad.
1059 3061 1087 3102 o,
1100 3039 1159 3090 251.
1172 3038 1271 3089 Memo-

234 3118 281 3186 qui
293 3117 341 3168 sub
352 3117 501 3168 Tarchonte
512 3118 730 3189 tenebantur(ef.
776 3137 850 3174 ratur
872 3121 981 3172 Theano
1006 3121 1120 3168 Homero
1145 3133 1272 3185 quoque,

233 3187 639 3270 Vlll‚494,q95‚et603sq.)‚
653 3202 733 3271 agnai·
776 3203 823 3254 sed
843 3214 969 3270 tanquam
990 3196 1132 3248 Antenoris
1156 3212 1225 3246 uxor
1248 3207 1273 3246 et

232 3277 306 3328 nain
317 3277 474 3327 Mezentium
483 3279 628 3330 incurrunt.
640 3280 678 3330 Ex
690 3281 733 3330 iis·
775 3281 858 3332 Cissei
873 3278 940 3341 tilia,
955 3274 1028 3326 lliad.
1042 3277 1059 3340 ζ
1062 3311 1071 3338 ,
1086 3275 1149 3342 298,
1168 3292 1229 3344 299.
1241 3290 1271 3339 a,

234 3353 295 3404 dem
305 3364 379 3416 sunt,
393 3356 438 3423 qui
450 3373 475 3407 v.
491 3357 542 3424 696
553 3387 588 3396 -
599 3358 651 3427 699
662 3361 732 3409 oeci·
778 3362 841 3423 223,
855 3358 920 3423 2243
933 3368 1026 3406 contra
1037 3354 1149 3406 Hecuba
1157 3355 1273 3428 Dyman-

235 3433 449 3501 duntur.-—693.
461 3435 533 3488 velut
542 3457 617 3509 rupes
625 3437 691 3489 lliad
709 3459 730 3502 ο,
776 3439 808 3488 tis
820 3436 873 3486 filia
889 3433 964 3484 lliad.
986 3454 1021 3498 rr,
1040 3435 1100 3503 718.
1123 3433 1173 3486 Sed
1193 3447 1271 3504 poeta

233 3513 285 3565 61ss
298 3514 430 3582 sqq.‚sed
441 3519 610 3585 majoranum
623 3529 726 3568 ornatu.
775 3515 862 3585 potuit
871 3511 950 3576 alios,
963 3513 1032 3563 forte
1041 3514 1169 3583 tragicos,
1182 3515 1269 3582 sequi,

232 3592 268 3642 ci.
280 3608 338 3660 sup.
350 3593 410 3656 vll,
421 3592 472 3646 586
484 3612 542 3665 sqq.
773 3593 818 3662 qui
828 3591 884 3642 haec
895 3593 1070 3644 variaverunt.
1088 3591 1180 3655 Certe,
1199 3589 1270 3661 quod

271 3686 321 3738 702
340 3699 375 3710 ·-
395 3673 452 3741 706.
472 3674 567 3726 Mimas
591 3675 682 3746 Amyci
698 3683 732 3723 et
775 3670 885 3723 Hecuba
896 3669 978 3723 Cissei
992 3670 1045 3722 lilia
1056 3689 1127 3722 nuno
1142 3669 1269 3730 traditur,

235 3749 358 3800 Theanus
368 3749 437 3803 filine
450 3753 543 3806 eadem
556 3765 731 3818 nomenatus,
777 3750 810 3802 ab
836 3749 962 3822 Euripide
986 3753 1090 3821 accepit
1112 3751 1140 3800 in
1162 3748 1269 3800 Hecuba

238 3829 368 3900 quaParis
377 3830 411 3881 ab
418 3831 540 3884 Hecuba:
554 3843 732 3884 commentum
776 3848 843 3882 vers.
865 3829 896 3898 3,
915 3841 1038 3882 monente
1051 3841 1157 3900 quoque
1171 3826 1267 3878 Servio.

237 3920 322 3980 poeta
334 3908 368 3962 ad
379 3911 534 3966 variandam
544 3912 731 3974 narrationem
777 3910 865 3964 Potest
878 3911 957 3963 etiam
965 3907 1075 3962 Theano
1083 3905 1176 3960 baberi
1186 3904 1270 3958 diver·
