2724 4600
344 311 786 382 'AENEIDOS'LIBE‘R
808 316 847 384 X.
1076 323 1134 390 165

92 435 192 501 Illum
204 433 320 502 auteur
329 439 444 503 AEneas
456 439 627 504 absentem
638 439 672 502 in
684 442 795 528 proelia
807 441 926 530 poscit;

92 543 199 609 Obvia
210 547 318 610 multa
326 547 434 611 virum
447 545 589 611 demittit
600 565 737 636 corpora
750 552 856 614 morti.

91 651 182 714 Tum
193 652 275 717 levis
287 651 379 719 haud
390 653 474 716 ultra
486 651 625 717 latebras
633 653 702 742 jam
715 656 831 742 quaerit
843 657 965 744 imago;

91 755 157 820 Sed
171 757 312 822 sublime
324 757 437 822 volans
450 758 531 822 nubi
543 780 578 822 se
591 759 756 823 inmiscuit
768 776 860 841 atrae,

91 861 205 942 Quum
216 865 368 926 Turnum
380 862 491 927 medio
503 864 628 926 interea
639 864 703 928 fert
715 887 848 953 aequore
860 864 967 930 turba.
1089 880 1133 928 665

91 969 239 1056 Respicit
251 971 381 1058 ignarus
393 988 518 1050 rerum,
533 971 743 1059 ingratusque
757 972 882 1052 salutiS,
1121 969 1122 974 ’

92 1072 134 1137 Εῑ
147 1072 288 1162 duplicis
300 1097 376 1139 cum
388 1097 469 1140 voce
481 1095 598 1140 manus
610 1074 651 1139 ad
664 1075 770 1141 sidera
782 1076 907 1141 tendit:

95 1178 340 1267 «Omnipotens
353 1181 496 1268 genitor,
510 1180 633 1245 tanton’
645 1188 698 1245 nie
711 1183 847 1246 crimine
860 1183 996 1271 dignum

91 1284 236 1363 Duxisti,
251 1301 284 1348 et
295 1285 367 1350 talis
380 1285 512 1353 voluisti
525 1285 711 1374 expendere
723 1289 856 1374 paenas?

92 1390 167 1470 Quo
180 1390 288 1452 feror?
299 1389 387 1454 unde
399 1391 483 1455 abii?
495 1413 568 1480 quae
581 1415 634 1456 me
647 1392 738 1479 fuga,
753 1415 893 1480 quemve
905 1392 1060 1459 reducet?
1088 1407 1133 1470 670

91 1494 310 1569 Laurentisne
322 1495 441 1560 iterum
453 1519 565 1560 muros
577 1512 634 1560 aut
645 1513 747 1561 castra
760 1496 900 1562 videbo?

92 1597 181 1682 Quid
193 1623 310 1666 manus
323 1602 377 1665 illa
388 1603 511 1682 virum,
526 1603 583 1690 qui
595 1623 799 1691 momenque
811 1625 901 1666 arma
912 1605 1035 1668 secuti?

91 1775 149 1822 libb.
161 1777 273 1824 Evulsum
285 1780 351 1826 Leid.
366 1778 464 1826 resoluta
476 1779 544 1827 Goth.
562 1791 614 1826 tert.
631 1779 706 1825 uauim
722 1781 782 1826 Pier.
799 1780 900 1827 malebat
916 1799 944 1828 ex
961 1794 1016 1829 vett.
1034 1784 1132 1844 scriptis.

92 1845 189 1893 classem
200 1851 260 1896 Ven.
272 1878 302 1887 -
314 1850 367 1897 661.
379 1849 421 1896 ilie
435 1857 509 1896 autem
521 1851 595 1906 Gud.‚
607 1852 671 1913 quod
680 1867 705 1898 ae
718 1865 765 1897 non
780 1869 862 1914 capere
876 1854 997 1914 profitetur
1008 1855 1086 1899 Heius.
1101 1857 1134 1900 Ex

93 1921 175 1965 Servio
181 1933 260 1968 tamen
270 1921 337 1968 facile
348 1936 382 1969 est
393 1922 422 1968 ad
433 1920 619 1984 intelligendum.
631 1923 746 1984 legerunt
753 1922 809 1968 olim
815 1922 935 1976 nonnulli,
946 1924 1008 1986 quod
1019 1925 1134 1970 Romanus

92 2004 189 2052 qnoque
202 1991 341 2038 exhibebat:
356 1990 398 2038 lile
408 2000 483 2038 autem
498 1994 586 2038 AEneau
601 1992 715 2037 absentem
728 1994 751 2036 iu
762 2007 798 2054 pr.
814 1995 891 2053 poscit.
910 1994 944 2037 lta
962 2008 1017 2039 vero
1035 2008 1135 2055 sequens

91 2074 172 2105 versut
183 2075 232 2106 non
246 2062 320 2108 facilis
329 2075 378 2108 erat
388 2063 417 2109 ad
427 2062 607 2125 expediendum.
619 2063 726 2108 Urbanus
734 2065 808 2106 virum
816 2078 908 2126 corpora
920 2062 949 2108 de
957 2063 1032 2108 nautia
1046 2064 1072 2108 in
1081 2065 1134 2108 navi

92 2129 194 2176 inventis
203 2133 339 2194 accipiebat.
354 2135 448 2179 Praestat
461 2135 543 2195 utique
555 2131 625 2178 lectio
639 2131 738 2194 vulgata.
752 2133 838 2177 Verum
847 2133 866 2177 si
880 2147 908 2177 ex
919 2133 997 2176 animo
1008 2130 1134 2177 dicendum

92 2210 139 2254 est,
151 2199 218 2262 quod
229 2204 317 2258 sentio,
331 2215 457 2268 utrumque
469 2219 561 2249 versum
573 2202 631 2257 661,
647 2201 692 2246 662
709 2214 748 2247 ant
766 2201 867 2247 alienum
884 2216 933 2247 esse
947 2201 1058 2257 arbitror,
1070 2214 1134 2246 anta

91 2268 190 2316 Marone
200 2270 230 2317 ad
242 2277 368 2335 marginem
378 2277 509 2337 appictum,
521 2274 621 2320 necdum
632 2271 725 2336 reliquo
736 2275 832 2342 carmini
842 2271 1047 2318 accommodatum.
1057 2271 1135 2317 abreu-

92 2347 138 2384 tem
146 2341 233 2388 AEueas
242 2344 351 2390 liottend.
362 2344 433 2400 alter,
446 2356 469 2390 et
480 2345 533 2389 Exc.
545 2346 624 2390 burm.
634 2369 665 2379 ·—·
676 2343 729 2389 662.
743 2347 790 2390 viro
802 2342 905 2388 Pan-has.
917 2358 944 2387 ex
953 2345 1032 2388 viram.
1046 2344 1137 2396 dimittit

92 2410 170 2456 multi.
180 2439 212 2448 —
221 2413 274 2460 663.
290 2418 353 2477 Tunc
365 2427 417 2462 ante
435 2417 495 2461 Pier.
507 2440 539 2451 -
549 2413 602 2474 664.
612 2431 636 2461 se
648 2418 736 2461 miscuit
746 2414 815 2461 Goth.
831 2413 870 2462 alt.
888 2422 936 2458 arte
946 2415 1026 2460 Franc.
1039 2440 1070 2450 -
1081 2415 1134 2461 665.

95 2483 155 2525 Tum
165 2482 214 2529 duo
228 2485 306 2531 Burm.
319 2489 380 2532 Tunc
390 2485 461 2532 Goth.
470 2497 522 2532 tert.
537 2490 563 2534 T.
573 2489 658 2532 interca
667 2485 813 2552 maqnusfert
822 2486 880 2530 Ven.
890 2488 973 2530 interea
985 2485 1056 2531 medin
1067 2487 1132 2532 Rom.

93 2565 117 2598 et
128 2554 198 2600 Goth.
214 2555 280 2602 alter.
295 2560 318 2602 iu
329 2558 399 2604 medio
409 2557 522 2605 Montalb.
533 2583 565 2593 -
573 2557 625 2603 666.
638 2555 710 2603 saluti
715 2574 750 2619 pr.
761 2556 842 2602 llamb.
853 2572 895 2620 pro
906 2573 954 2604 rar.
965 2555 1019 2602 lect.
1032 2559 1135 2620 iqnarus·

91 2638 136 2685 que
147 2623 233 2670 salicus
245 2627 313 2673 Gotb.
324 2643 369 2676 see.
379 2654 411 2664 —
422 2627 475 2690 667.
485 2627 518 2672 ad
522 2628 596 2673 sideru
609 2626 666 2672 tollit
674 2626 782 2690 plerique
793 2628 854 2672 Pier.
866 2642 919 2688 pars
930 2627 1008 2670 lleina.
1022 2639 1044 2671 et
1055 2629 1133 2672 Burin.

92 2709 146 2740 cum
161 2696 231 2742 Goth.
248 2710 301 2744 tert.
316 2711 340 2744 et
350 2700 398 2746 Eri.
410 2726 441 2734 -
452 2698 505 2745 668.
520 2707 606 2746 tautum
615 2714 649 2744 me
660 2697 749 2744 Zulicb.
764 2701 840 2759 Sprot.
858 2697 899 2742 Ed.
912 2714 947 2759 pr.
962 2705 1022 2742 tauto
1031 2699 1056 2741 in
1067 2699 1133 2743 Rom.

93 2775 116 2808 et
128 2763 247 2829 plerisque
264 2769 340 2824 Pier.‚
359 2771 384 2814 in
403 2769 454 2815 aliis
471 2769 494 2812 η’
512 2784 610 2814 erasum.
628 2770 717 2814 Tuetur
728 2779 806 2813 tamen
819 2768 915 2822 tautou',
929 2779 981 2823 quae
994 2764 1096 2811 Medicei
1112 2779 1138 2812 et

93 2833 196 2882 aliorum
214 2836 285 2885 lectio
304 2852 350 2896 eet,
368 2841 507 2887 Priscianus.
520 2839 550 2884 cs.
563 2855 614 2902 sup.
627 2841 656 2896 V,
669 2839 722 2902 319.
737 2837 850 2901 Equidem
861 2837 966 2883 nondum
982 2836 1052 2882 credo
1063 2851 1091 2881 ue
1104 2839 1137 2882 ita

95 2903 178 2951 elisum
186 2907 258 2954 fuisse
270 2927 282 2955 a
295 2923 377 2974 poeta:
387 2912 428 2957 sed
438 2913 456 2957 si
468 2927 484 2954 u
494 2911 523 2956 ab
536 2927 564 2957 ea
575 2910 704 2973 profectum
711 2945 718 2968 ‚
730 2925 778 2956 este
791 2909 861 2954 debet
873 2925 900 2954 ex
912 2922 942 2966 ayt
953 2907 1025 2952 eliso:
1039 2908 1135 2964 tauta’u,

93 2977 208 3036 Pyrrlti'n,
218 3005 250 3014 —
260 2981 313 3044 669.
323 2984 409 3028 Dixisti
418 2981 486 3028 Goth.
499 2994 552 3028 tert.
565 2981 690 3046 impendere
699 2983 758 3027 Ven.
769 2979 893 3042 expandere
904 2995 939 3040 pr.
952 2978 1035 3022 Moret.
1044 2978 1135 3039 -670.

92 3062 160 3109 quem
174 3064 208 3094 me
213 3049 273 3115 fuqa
284 3069 360 3116 queve
369 3053 473 3098 reducit?
485 3052 573 3098 Zulich.
586 3069 631 3116 quo
645 3050 823 3116 mefuqaquove
837 3048 927 3092 reducet
937 3045 995 3090 alius
1007 3061 1044 3106 ap.
1055 3048 1135 3092 Burm.

93 3131 172 3178 quoeue
181 3119 273 3166 reducet
281 3122 371 3185 aliquot
383 3125 444 3169 Pier.
456 3138 527 3186 quove
538 3123 625 3167 reducit
635 3120 736 3174 Media,
747 3119 821 3164 sedin
831 3132 901 3175 marg.
914 3128 1013 3177 quemue.
1024 3114 1135 3162 Praeclare

93 3188 201 3234 Servius:
213 3205 291 3253 quem,
303 3191 412 3254 qualem:
424 3193 467 3247 IX,
486 3190 528 3248 481
546 3193 614 3236 Hunc
630 3205 669 3254 eqo
686 3197 718 3245 u,
737 3184 849 3246 Euryale,
861 3185 971 3250 adspicio;
982 3184 1100 3246 quomodo
1113 3197 1137 3232 et

94 3273 139 3318 qua
149 3274 202 3303 cum
215 3263 383 3309 existimatione
394 3262 494 3308 redibo?
504 3262 607 3307 Tandem
619 3261 705 3309 reducit
716 3259 780 3305 Rom.
792 3255 853 3302 Gud.
872 3266 895 3301 et
911 3270 993 3316 magna
1004 3266 1136 3302 ceterorum

6 3363 8 3368 ,
93 3327 155 3371 Pier.
169 3339 194 3372 et
206 3329 284 3375 Heius.
297 3347 364 3392 pars,
377 3334 446 3378 etiam
460 3331 514 3376 edd.
527 3343 582 3377 vett.
594 3347 648 3376 cum
659 3328 729 3374 Goth.
748 3338 814 3381 tert,
832 3339 895 3370 nnnc
910 3335 1030 3385 receptum
1041 3324 1110 3371 video
1122 3343 1136 3372 a

93 3395 255 3457 Cuninghamo
267 3411 290 3445 et
301 3401 401 3447 Brunck.
420 3400 513 3447 reducat
526 3395 1044 3461 Dorvill.—671.1aureutesueantelieiut.
1057 3394 1135 3459 vulgg.

95 3465 140 3512 Alii
151 3469 326 3533 laurentesque.

97 3625 172 3666 tuum
184 3637 304 3687 recessu,
314 3621 428 3690 refluxu,
439 3643 455 3675 a
463 3623 541 3676 litore
554 3642 596 3674 ac·
641 3636 716 3688 ante,
727 3622 781 3674 veri
792 3640 869 3674 uana.
882 3650 917 3660 -
927 3620 986 3672 668.
1000 3621 1047 3672 Vir
1059 3621 1135 3672 fortis

97 3695 176 3765 θῘΡῐθ·
640 3707 709 3775 fugae
721 3703 848 3774 flagitium
866 3700 983 3772 appellat
1000 3700 1098 3752 crimen
1111 3714 1137 3752 et

131 3775 191 3828 666.
216 3778 333 3850 iupmtus
352 3779 444 3834 salutis
466 3783 596 3852 exquisite
637 3801 751 3856 penam.
774 3783 843 3834 Tota
862 3783 947 3832 oratio
966 3781 1136 3852 gravissima,

98 3852 132 3904 ad
143 3854 264 3908 Graecum
273 3877 374 3911 morem
386 3859 513 3930 ἀχάριστος
526 3882 596 3913 cuun-
640 3875 666 3916 et
685 3862 798 3912 affectus
810 3862 898 3932 plena.
912 3861 967 3912 Nec
979 3859 1066 3911 habeo
1080 3859 1137 3929 qui·

100 3932 145 3998 piat
165 3951 200 3985 sc.
222 3933 306 3991 trita:
323 3939 395 4008 quod
411 3940 447 3992 ad
465 3940 595 4006 salutem,
641 3960 700 3994 cum
717 3959 869 4012 comparem
889 3952 1065 4012 preterquam
1083 3940 1137 3987 Ho-

99 4015 334 4088 themeritatem,
345 4019 595 4094 attinet.Sicpaullo
641 4022 749 4074 ratianae
765 4022 878 4094 Europa
895 4018 1016 4090 querelas
1035 4027 1137 4067 tanturn
