2724 4600
238 295 280 380 94
482 285 771 352 etinctum
793 265 1025 388 Minoris

236 408 488 499 Conciliumque
500 425 594 474 vocat
605 407 718 474 divom
730 425 824 497 pater
834 425 933 499 atque
945 411 1119 478 bominum
1130 435 1188 479 rex

234 590 332 653 Egnatio
349 585 470 634 emendata
488 585 596 631 feruntur
613 585 740 646 (habentus
756 588 781 631 iu
796 587 903 634 manibus
919 589 991 650 ipsam
1001 591 1133 652 principem
1150 589 1279 636 editionem

239 662 324 722 1507),
337 673 363 706 ea
373 657 443 704 lectio
452 671 500 702 non
509 657 633 718 reperitur.
645 656 728 702 Notata
739 669 815 702 tamen
826 669 859 703 εει
868 657 908 703 illa
918 660 943 703 in
951 659 1040 720 praeiat.
1050 660 1125 705 Habet
1135 675 1186 705 eam
1196 661 1279 706 llamb.

235 751 283 782 sec.
300 749 313 777 a
328 745 374 778 sec·
391 745 435 784 m.,
452 743 549 790 eamque
559 729 583 773 in
592 727 662 774 timili
676 726 728 776 loco
743 727 904 792 vidimuatup.
914 729 959 786 vt,
975 731 1027 780 505.
1040 733 1125 778 Verum
1136 747 1150 776 a
1160 744 1232 794 poeta
1242 733 1281 778 vix

234 804 328 852 videtur
333 797 439 862 adoptari
443 799 546 860 potuisse
551 797 596 844 boc
601 797 697 860 quidem
702 800 728 844 in
733 797 797 855 loco,
807 815 880 862 quum
884 801 993 862 panditur
1000 804 1155 864 precesserit:
1164 801 1280 848 Panditur

235 877 320 922 domus
328 874 484 934 omnipotentis
493 871 534 921 0..
545 882 568 916 et
577 885 630 916 mox
639 887 662 918 v.
674 872 685 916 5
696 871 725 917 de
736 871 817 918 eadem
825 872 911 918 domo:
925 877 986 920 tectis
994 874 1150 937 habeuntibus.
1160 873 1235 922 Aliter
1243 890 1282 920 ree

234 943 392 994 sehabetlni.
408 943 640 1004 Xll,7911unonem
656 945 740 988 interea
756 957 796 988 rex
812 947 966 1006 omnipotentie
975 944 1077 1012 Olympi5
1093 947 1134 993 ubi
1144 949 1282 994 conveniret
1359 967 1360 972 =

232 1015 390 1079 omnipotentis
404 1027 470 1067 nam,
489 1012 553 1076 quod
565 1012 672 1059 omnihus
688 1015 756 1058 terrie
772 1013 901 1059 obductum
920 1027 966 1071 eet,
984 1028 1102 1081 terrasque
1114 1015 1221 1080 undique
1231 1032 1281 1060 am-

233 1087 345 1152 plectitur
354 1099 396 1130 eeu
412 1083 495 1138 ambit,
512 1083 573 1129 bene
586 1083 632 1128 dici
644 1095 720 1145 potest
732 1100 825 1146 quaqua
837 1100 915 1132 versut
926 1098 1017 1150 patere,
1030 1088 1059 1132 ab
1075 1089 1165 1133 oriente
1175 1086 1205 1132 ad
1215 1088 1282 1132 occi·
1359 1109 1360 1112 ¹

235 1160 339 1204 dentem.
353 1153 445 1200 liabent
457 1165 535 1200 tamen
547 1153 580 1198 ibi
597 1153 651 1198 libri
664 1153 762 1199 alterurn
780 1167 920 1202 constanter.
932 1158 1009 1204 Restat
1027 1159 1197 1220 omniparentis,
1216 1155 1283 1218 quod

233 1229 276 1276 alii
287 1237 460 1290 conjecturum,
474 1225 587 1289 quodque
600 1227 648 1287 jem
658 1227 749 1274 Jovian.
763 1228 864 1272 Potentia
873 1230 992 1290 agnovisse
1001 1229 1088 1276 dicitur
1097 1241 1120 1275 et
1130 1229 1158 1272 N.
1171 1228 1282 1274 Heinsius

233 1298 356 1362 probabat.
369 1297 517 1357 Omnipotens
528 1305 587 1340 tenu
597 1296 761 1342 Lucretianum
779 1296 900 1359 epitheton
910 1300 1031 1363 eet,‚quod
1041 1315 1110 1362 cupra
1121 1298 1163 1344 lib.
1172 1299 1218 1354 vt,
1236 1297 1281 1358 595
1359 1305 1360 1316 ¹

233 1371 301 1419 Maro
311 1369 474 1430 adoptaveram
486 1366 594 1414 decidere
605 1367 681 1416 simile
691 1367 824 1430 exemplum
833 1369 863 1414 de
875 1369 940 1415 caelo.
953 1373 1056 1418 Uranum
1065 1372 1170 1417 omnium
1179 1368 1280 1414 deorum

234 1456 354 1490 auctorem
365 1452 388 1484 et
397 1449 517 1500 parentem
529 1441 592 1484 sisic
604 1440 691 1486 dictum
704 1443 829 1496 invenero,
841 1456 890 1486 non
901 1444 1003 1492 mirabor
1015 1460 1020 1490 :
1032 1445 1118 1506 Sitque
1129 1437 1280 1502 repperire?
1359 1495 1360 1504 ἵ

233 1513 276 1561 ille
286 1515 311 1558 in
321 1511 416 1573 Hymnis
426 1509 546 1570 Orpbicit;
558 1510 600 1555 sed
609 1509 674 1556 aliud
683 1511 742 1573 quid
752 1525 786 1558 est
796 1511 915 1576 Olympus.
928 1515 986 1573 Quae
993 1531 1067 1578 quum
1082 1517 1114 1560 ita
1129 1528 1153 1558 te
1164 1511 1281 1566 habeant,
1328 1535 1332 1544 ·

233 1581 388 1643 omnipotentis
398 1576 489 1640 Olympi
497 1579 624 1626 tenendum
636 1591 682 1634 eet,
693 1580 757 1644 quod
767 1580 840 1627 altero
849 1581 902 1628 loco
911 1586 1010 1630 recurrit
1019 1585 1073 1640 xll,
1085 1598 1142 1644 791,
1154 1591 1180 1626 ut
1190 1579 1281 1626 tribue·

233 1655 265 1700 rit
277 1663 345 1714 poeta
356 1649 469 1712 Olympo,
481 1650 546 1712 quod
558 1651 602 1697 diie
614 1655 735 1708 convenit,
750 1656 826 1716 quiin
836 1670 864 1700 eo
874 1658 1024 1702 continentur
1034 1671 1040 1701 ε
1053 1670 1102 1720 quo
1114 1651 1182 1698 lacile
1193 1650 1280 1696 adduci

233 1723 325 1788 potuit,
337 1737 409 1783 quum
421 1722 463 1767 Ge.
471 1723 505 1778 ΙΙ,
520 1721 563 1768 325
571 1723 620 1786 jam
632 1723 719 1769 dictum
732 1737 842 1770 occurat:
853 1735 918 1789 poter
927 1730 1063 1789 omnipotens
1072 1724 1150 1771 AEther
1161 1739 1166 1767 :
1178 1719 1281 1786 utapud

232 1793 342 1854 Tragicos
358 1784 419 1852 αἰθὴρ
432 1785 561 1846 iteruri,
580 1787 669 1854 adpetit
685 1791 785 1848 uetuit.
806 1797 848 1842 etsi
864 1795 902 1842 vel
920 1797 952 1842 sic
968 1811 1050 1857 pamm
1066 1793 1143 1856 placet
1158 1792 1216 1845 hoc;
1235 1805 1281 1834 nec

234 1877 356 1924 meequor,
374 1875 417 1906 our
432 1860 498 1906 Mare
514 1876 562 1906 non
580 1861 689 1908 maluerit
706 1865 842 1910 uaevianum
856 1880 949 1912 vertum
964 1877 1039 1911 totum
1047 1879 1138 1912 terrare
1149 1878 1155 1907 ι
1166 1860 1280 1906 Panditur

232 1940 318 1982 interea
328 1931 554 1978 comisationem
563 1933 660 1998 Olympi.
671 1937 717 1981 Etsi
729 1939 790 1984 enim
802 1949 826 1982 et
837 1935 882 1982 boc
891 1935 948 1983 aliae
956 1939 1020 1984 Jovie
1032 1949 1066 1983 eet
1077 1935 1191 1997 elogium,
1202 1944 1280 1977 tamen

233 2019 257 2056 et
273 2003 385 2068 Olympo,
404 2017 417 2049 e
433 2019 482 2066 quo
498 2004 616 2066 prodeunt
631 2005 741 2063 fulmina,
760 2009 886 2053 convenire
898 2019 996 2069 poterat.
1009 2009 1113 2053 Servaeae
1126 2004 1190 2050 buno
1205 2001 1279 2047 Naevii

233 2090 326 2126 veroum
341 2085 449 2119 narratur
459 2074 565 2122 Caecilius
576 2077 722 2124 Minucianue
737 2077 858 2140 Apuleius.
875 2079 914 2124 Est
929 2080 948 2126 ie
963 2089 1030 2126 vetut
1045 2075 1279 2130 incommutatus,

233 2148 301 2210 cujus
310 2142 365 2191 libri
374 2143 422 2188 duo
433 2144 489 2202 (aut
498 2148 575 2206 potius
585 2147 729 2208 fragmenta)
740 2148 769 2194 de
780 2147 951 2210 Ortbographia
959 2148 1037 2194 adhuc
1051 2151 1076 2194 in
1085 2143 1236 2192 bibliothecis
1244 2142 1281 2190 la-
1359 2165 1360 2170 =

234 2227 297 2270 tent,
316 2227 386 2274 quem
396 2225 474 2258 tamen
491 2215 587 2273 evolvit,
606 2230 690 2280 praeter
707 2218 833 2282 Gyraldum
851 2219 880 2265 de
889 2221 965 2282 poetis
980 2217 1041 2266 nial.
1057 2219 1098 2272 lv,
1111 2233 1135 2278 p·
1150 2213 1208 2270 2⁰4·
1222 2211 1278 2262 Cael·

232 2283 379 2342 Rhodiginus
391 2283 445 2337 Vll,
464 2281 479 2340 4
493 2297 516 2329 ει
525 2286 600 2342 xxlt,
616 2287 641 2334 13
659 2289 711 2332 Aut.
728 2291 805 2345 Lete,
819 2305 831 2334 a
844 2306 891 2352 quo
903 2289 948 2334 hoc
960 2292 1036 2352 ipsum
1045 2287 1075 2333 de
1084 2284 1213 2348 virgiliano
1225 2283 1278 2329 loco

231 2353 349 2420 prolatum
366 2365 407 2398 ert.
426 2353 491 2399 ldem
507 2357 673 2404 Grammaticus
690 2357 816 2424 Olympum
833 2361 862 2406 de
877 2363 935 2408 Jove
952 2363 1117 2421 interpretatus
1132 2368 1189 2402 erat.
1208 2381 1240 2391 -
1253 2369 1275 2400 a.

231 2425 398 2490 Consiliumque
413 2424 453 2470 alii
465 2442 502 2488 ap.
515 2428 575 2473 Pier.
587 2429 661 2475 divom
675 2439 741 2491 pater
756 2440 824 2495 atque
840 2430 953 2478 lominum
968 2447 1009 2476 rex
1019 2431 1150 2475 Ennianum
1162 2438 1197 2472 est
1207 2443 1213 2472 :
1225 2426 1276 2470 Ma-
1359 2435 1360 2440 ’

230 2557 341 2611 domum
359 2556 526 2624 inhabitant,
547 2573 643 2629 parata
657 2573 727 2612 aunt.
778 2581 836 2614 mus
844 2565 871 2615 iu
882 2564 939 2616 aliis
949 2563 1055 2636 Olympi
1062 2563 1131 2634 jugis
1142 2560 1277 2620 simitum,

230 2641 310 2693 Conf.
338 2637 371 2690 de
391 2639 488 2690 Priami
509 2641 582 2711 regia
602 2640 678 2692 lliad.
689 2644 728 2709 ζ,
778 2643 850 2694 unde
865 2642 899 2694 ad
908 2644 980 2694 lovis
993 2641 1062 2693 aedes
1075 2638 1220 2692 confluunt.
1233 2635 1275 2686 ef,

231 2723 282 2789 242
294 2737 368 2790 seqq.
378 2717 479 2770 Eodem
489 2718 728 2794 modoinOlympo
778 2722 994 2794 Iliad.v,4sqq.
1008 2723 1096 2789 Quum
1109 2719 1143 2772 ad
1156 2734 1275 2771 conven—
1359 2761 1360 2764 ,

231 2806 266 2857 ab
278 2816 392 2872 utraque
404 2813 479 2872 purte
494 2799 635 2852 duodecim
648 2805 732 2872 mdjo·
777 2815 834 2868 tum
845 2801 1003 2854 admittendi
1013 2815 1073 2853 sunt
1085 2801 1120 2855 dii
1130 2839 1138 2867 ,
1145 2797 1279 2870 panditur

230 2904 290 2936 rum
300 2883 410 2936 deorum
419 2893 479 2931 sunt
490 2879 626 2945 cubicula,
639 2883 666 2932 in
678 2903 729 2934 me·
777 2881 868 2932 domus
873 2918 882 2945 ,
894 2884 1003 2944 atrium,
1013 2882 1091 2946 deripe.
1101 2881 1141 2930 lta
1150 2877 1202 2928 hoc
1215 2879 1278 2927 sim-
1359 2913 1360 2928 ι

229 2963 276 3016 dia
299 2975 387 3018 autem
411 2959 505 3014 domus
519 2973 622 3031 parte,
647 2980 727 3032 quam
776 2962 882 3032 pliciter
907 2960 1108 3032 accipiendum,
1135 2977 1184 3010 uec
1214 2975 1277 3008 cum
1359 3011 1360 3018 χ

224 3041 342 3112 plyepu,
371 3043 453 3106 δεῖμα,
482 3038 564 3106 diuet,
590 3041 727 3112 appellare
776 3042 881 3107 Servio,
893 3053 920 3090 et
933 3039 995 3092 inde
1007 3059 1066 3092 cum
1078 3038 1138 3092 aliis
1153 3039 1275 3105 interpp.

228 3125 298 3178 colet
309 3127 453 3188 Homerum,
466 3134 613 3173 convontus
623 3141 654 3174 ac
667 3141 728 3174 con·
774 3120 810 3172 de
822 3119 865 3170 die
875 3131 935 3170 orto
948 3117 1127 3189 cogitandum,
1137 3117 1194 3166 Etsi
1203 3118 1277 3166 enim

227 3221 317 3257 sessus
329 3203 441 3256 deorum
457 3201 497 3269 lit,
510 3204 564 3252 eive
579 3201 614 3253 ad
626 3201 728 3254 delibe-
775 3217 867 3250 verum
886 3211 939 3262 est,
959 3209 1037 3248 noem
1055 3195 1146 3246 celum
1163 3193 1277 3259 claudi,

228 3281 344 3333 rendum
365 3283 398 3332 de
419 3281 498 3333 rebus
525 3281 726 3346 communibus,
775 3295 852 3328 mane
870 3277 969 3345 aperiri
985 3274 1051 3336 dici,
1073 3285 1162 3323 tamen
1175 3271 1230 3323 buc
1243 3291 1277 3325 ea

227 3362 284 3411 eive
302 3360 336 3410 ad
353 3359 525 3430 epulandum.
540 3361 658 3414 Eandem
670 3361 726 3412 fere
775 3375 816 3410 res
829 3353 898 3408 trahi
912 3356 1016 3426 nequit;
1029 3371 1116 3423 neque
1128 3371 1217 3405 rerum
1231 3371 1277 3403 or-
1359 3349 1360 3378 ³

226 3457 316 3490 rerum
325 3439 440 3508 speciem
449 3439 575 3510 Virgilius
583 3441 676 3492 animis
687 3459 728 3491 ex·
775 3435 810 3488 do
823 3433 951 3499 admittit,
964 3445 994 3485 ut
1004 3452 1077 3485 nunc
1089 3431 1122 3485 d'e
1139 3436 1272 3484 matutino
1359 3451 1360 3456 ¹

226 3517 379 3582 hibet,niti
391 3518 463 3588 quod
473 3519 505 3572 de
517 3520 646 3574 cubiculis
657 3519 724 3570 silet.
773 3528 893 3586 tempore
928 3517 1094 3586 cogitemust
1127 3507 1273 3570 iuolinatur
1359 3523 1360 3546 ι

226 3599 317 3649 Potuit
329 3610 417 3648 autem
431 3597 483 3649 hoe
500 3612 574 3650 tanto
589 3601 672 3670 magis
686 3617 726 3649 se·
773 3597 843 3646 enim
866 3612 937 3645 nunc
959 3594 1030 3661 dies,
1049 3597 1104 3664 'quo
1124 3605 1271 3664 pugnatum

228 3678 288 3746 qui,
307 3675 417 3745 quando
438 3677 569 3730 Homerus
590 3678 678 3728 multis
696 3679 724 3728 in
773 3686 830 3726 erat
853 3671 990 3743 (1x‚459
1012 3669 1108 3744 seqq.)
1126 3671 1161 3722 ed
1177 3687 1272 3740 vespe-

226 3755 293 3806 locis
305 3756 401 3806 faciem
418 3773 449 3805 ac
469 3757 548 3806 ritum
560 3757 667 3828 Olympi
679 3773 725 3808 va·
773 3772 829 3806 ram
840 3773 846 3804 t
857 3766 995 3825 comparet
1005 3752 1086 3803 modo
1095 3747 1192 3821 aliquis
1200 3751 1273 3800 infre

225 3837 313 3887 riavit.
336 3837 376 3885 lta
395 3835 468 3885 Jovie
490 3834 566 3888 sedes
588 3836 725 3906 aliquam
777 3837 840 3902 146,
861 3836 924 3906 147,
942 3833 1006 3900 215,
1020 3835 1079 3888 216.
1091 3833 1212 3886 Concilio
1224 3851 1272 3883 au·

225 3927 302 3987 parte
314 3913 422 3985 Olympi
434 3912 528 3964 altiore
543 3915 586 3966 vel
600 3916 726 3968 interiore
773 3929 827 3969 tem
841 3916 952 3968 deorum
973 3915 1070 3968 similia
1087 3914 1160 3986 apud
1176 3916 1274 3971 Home·

225 3997 552 4058 membratur‚ceterorum
560 3991 727 4046 deorumdo·
773 4014 834 4048 rum
852 4009 995 4048 occurrunt
1013 3996 1105 4066 plura,
1128 4011 1187 4066 quoe
1210 4007 1272 4049 aute
