2736 4598
250 343 313 386 212
496 320 530 384 P.
555 316 787 383 VIRGlLll
809 318 1039 388 Mauortis

248 449 370 511 Contra
380 443 476 510 turba
488 442 653 531 Phrygum
664 442 800 506 veniens
811 441 998 530 plangentia
1006 445 1152 535 jungunt
1200 423 1203 432 ’
1245 462 1287 519 ι45

247 553 400 640 Agmina;
413 571 486 640 quae
498 564 673 637 postquam
685 561 805 611 matres
818 547 995 614 succedere
1007 551 1101 616 tectis

247 657 424 735 Viderunt,
438 670 583 719 maestatn
596 651 779 718 incendunt
790 652 987 719 elamoribus
1000 655 1128 722 urbem.

247 768 289 828 At
301 786 368 828 non
380 759 570 826 Evandrum
582 759 668 847 potis
681 775 730 822 est
741 759 789 821 vis
802 758 868 822 nlla
879 774 992 824 tenere
1004 783 1011 823 ε

246 869 310 934 Sed
322 867 458 934 venitin
470 865 598 930 medios
609 887 616 927 :
630 866 752 929 feretro
765 865 908 928 Pallanta
920 883 1053 954 reposto

246 973 426 1041 Procubuit
433 994 542 1060 super,
553 987 652 1061 atque
660 970 1007 1063 haeretlacrimansque
1016 995 1228 1064 gemensque,
1244 987 1286 1034 150

246 1083 288 1146 Et
299 1082 351 1146 via
364 1079 417 1144 vix
428 1076 562 1142 tandem
574 1077 648 1141 voci
660 1076 764 1142 laxata
774 1076 889 1142 dolore
902 1095 969 1142 est:

250 1189 349 1253 «Non
363 1184 448 1262 haec,
461 1205 483 1247 o
495 1180 595 1262 Palla,
610 1180 748 1247 dederas
760 1184 920 1270 promissa
932 1184 1071 1271 parenti.

246 1291 379 1356 Cautius
392 1305 429 1353 ut
440 1309 528 1354 saevo
539 1286 640 1351 velles
651 1303 685 1351 te
696 1286 832 1352 credere
844 1288 956 1352 Marti!

246 1395 345 1463 Haud
358 1397 489 1482 ignarus
502 1415 605 1472 eram,
620 1409 779 1482 quantum
792 1416 877 1459 nova
889 1395 993 1482 gloria
1004 1395 1037 1458 in
1049 1395 1162 1476 annis,

279 1564 329 1623 145.
343 1566 465 1626 junqunte
476 1560 585 1607 Mediceo
597 1572 620 1606 et
633 1561 685 1607 aliis
696 1561 774 1608 Heius.
788 1562 862 1621 (adde
873 1560 964 1622 Colat.)
974 1577 1017 1624 pro
1028 1561 1117 1626 wlgari
1123 1566 1212 1630 junqit,
1224 1566 1290 1629 quod

246 1635 313 1683 Rom.
323 1647 410 1680 tuetur.
423 1659 454 1670 —
467 1632 517 1690 146.
532 1633 637 1678 accedere
655 1648 690 1694 pr.
706 1632 788 1678 Hamb.
804 1650 848 1695 pro
863 1650 910 1681 var.
927 1633 980 1680 lect.
994 1641 1050 1680 tecto
1060 1647 1116 1682 vett.
1130 1636 1198 1695 edd,
1210 1640 1290 1702 sieque

246 1707 316 1754 Goth.
328 1723 364 1768 pr.
380 1708 442 1751 tectis
453 1706 554 1766 primum
568 1703 673 1751 intulisse
684 1703 776 1750 ridetur
791 1704 844 1752 Ald.
860 1721 910 1767 pn,
928 1705 1002 1768 idque
1016 1707 1082 1752 Rom.
1095 1719 1119 1753 et
1134 1707 1222 1756 Medic.
1237 1727 1289 1758 cnm

245 1777 297 1825 aliis
308 1787 412 1823 tuentur.
421 1775 540 1820 succedere
551 1776 622 1818 muris
633 1773 723 1837 aliquot
734 1775 807 1831 Pien,
821 1775 870 1822 scil.
881 1791 909 1821 ex
918 1775 1118 1836 interpretatione.
1128 1802 1161 1813 -
1172 1779 1225 1841 ¹49·
1238 1782 1290 1828 Pal-
1352 1835 1353 1838 Ἰ

245 1849 306 1896 lante
314 1847 422 1912 plerique
438 1847 517 1892 Heius.
530 1857 553 1890 et
569 1861 581 1890 a
596 1860 627 1890 m.
645 1861 681 1906 pr.
692 1845 793 1904 Media,
805 1849 884 1912 sicque
897 1862 978 1893 omnes
994 1845 1063 1893 Goth.
1084 1859 1108 1895 et
1122 1849 1169 1894 nrt.
1181 1854 1289 1917 Tumque

244 1933 305 1970 esset
314 1919 352 1968 vel
362 1936 367 1965 :
379 1933 448 1980 saper
461 1914 575 1968 Pallante,
582 1914 671 1977 feretro
682 1919 789 1978 reposito3
800 1915 852 1964 vel:
863 1932 932 1979 super
944 1915 1047 1962 Pallante
1060 1921 1156 1980 reposito
1164 1919 1291 1982 inferebn.

243 1991 351 2042 Pallanta
361 1992 387 2036 in
398 1989 506 2035 Medieee
514 1988 643 2049 Aproniani
658 1987 790 2032 emendatio
800 2000 841 2033 est.
854 1987 916 2033 conl.
928 1987 976 2033 tut.
989 1988 1041 2034 Sab.
1053 1989 1100 2034 Sed
1111 1989 1170 2036 forte
1182 1990 1290 2039 fraudem

244 2067 301 2113 l'eeit
312 2067 416 2126 ignorata
432 2063 496 2108 noeis
507 2067 594 2123 reposto
605 2059 742 2121 significatio
752 2058 776 2104 h.
793 2057 810 2103 l.
827 2075 870 2122 pro
881 2059 1001 2120 deposito,
1019 2063 1096 2122 posito
1104 2060 1251 2123 simpliciter.
1260 2090 1291 2101 -

247 2137 298 2182 150.
309 2131 431 2178 Procubuit
440 2139 553 2190 perpetua
566 2127 636 2173 lectio
653 2128 707 2174 edd.
727 2127 783 2174 inde
800 2127 829 2173 ab
848 2127 908 2174 ttdo
922 2145 935 2174 e
951 2128 1036 2176 Medic.
1054 2142 1077 2176 et
1092 2129 1142 2176 aliis
1159 2131 1250 2178 firmata
1262 2134 1290 2179 ab

243 2203 323 2248 Heius.
335 2198 464 2245 Procumbit
473 2199 537 2242 Rom.
544 2231 552 2252 ,
564 2196 628 2260 qnod
640 2198 701 2242 Pier.
715 2196 928 2253 commendaverat,
939 2209 962 2243 et
970 2199 1107 2244 Commelin.
1119 2199 1214 2246 ePalat.
1226 2204 1291 2248 intu-
1352 2229 1353 2236 ,

243 2270 315 2329 ierat,
330 2271 414 2314 iterum
426 2279 559 2313 revocatum
576 2283 587 2312 a
602 2267 729 2312 Burmanni
743 2269 820 2329 operit
833 2281 860 2312 ex
871 2267 993 2314 Pulmann.
1006 2280 1046 2315 aut
1057 2269 1102 2316 alia
1111 2269 1188 2317 Elsev.
1203 2269 1291 2321 ltoenns

242 2340 333 2403 aliquot
343 2339 422 2384 lleins.
434 2351 487 2382 curn
497 2336 566 2382 Goth.
582 2348 635 2382 tert.
645 2362 676 2372 -
689 2338 739 2382 151.
761 2339 793 2382 Ut
803 2341 839 2383 via
853 2337 980 2402 aliquando
995 2339 1096 2387 malebat
1107 2342 1201 2400 ticine„
1215 2344 1258 2391 sed
1269 2354 1292 2392 et

242 2410 335 2456 Maroni
346 2409 378 2452 sic
390 2407 571 2468 frequentatum.
584 2422 636 2452 mox
650 2406 739 2452 tandem
749 2407 839 2454 Zalich.
854 2425 866 2453 a
881 2425 911 2455 ru.
927 2426 963 2471 pr.
976 2413 1036 2455 vocab
1051 2411 1116 2456 Rom.
1129 2425 1153 2457 et
1161 2413 1250 2461 Medic.
1264 2433 1290 2466 re

242 2481 319 2534 Gud,
330 2478 436 2540 adeoque
446 2479 594 2523 vetustissimi
603 2477 672 2523 codd.
685 2479 793 2526 Heinsius
804 2484 872 2528 etiam
882 2485 985 2544 argutius
996 2482 1054 2546 quid
1065 2485 1207 2546 suspicatur:
1215 2489 1290 2536 nava

242 2577 274 2588 -·
284 2553 344 2596 vocis
355 2548 432 2594 laxata
441 2547 514 2594 dolori
523 2558 563 2594 est.
576 2549 661 2596 Aberat
672 2560 707 2597 est
721 2552 781 2598 Ven.
791 2578 822 2589 -
834 2555 884 2599 152.
900 2554 950 2600 153.
967 2557 990 2600 Si
1003 2571 1057 2601 vera
1075 2553 1124 2601 bac
1136 2570 1170 2603 est
1181 2557 1255 2607 lectio
1268 2575 1291 2609 et

242 2623 414 2683 interpunctio,
429 2633 481 2688 que
492 2619 562 2682 vulgo
573 2620 673 2668 habetur
684 2639 690 2669 ε
701 2625 754 2670 Νοη
766 2623 813 2671 baec
822 2626 914 2672 dederas
926 2630 1036 2690 promissa
1047 2631 1147 2690 parenti,
1161 2630 1256 2678 &utras
1265 2643 1291 2679 at

242 2711 302 2741 savo
310 2691 392 2740 vellet:
402 2695 571 2739 invitaratione
578 2697 725 2756 grammatice
737 2697 825 2743 dictum
838 2710 871 2744 est
881 2714 887 2743 ε
897 2701 1025 2760 promittere
1034 2708 1066 2744 ut.
1078 2701 1161 2746 liunus
1168 2717 1219 2747 non
1228 2703 1289 2751 male

241 2762 350 2826 supplet:
362 2762 461 2830 redfore
469 2775 503 2808 ut.
514 2765 588 2810 Possit
596 2780 691 2829 quoque
703 2766 787 2830 aliquis
799 2767 921 2829 supplere:
931 2772 1031 2830 parenti,
1039 2785 1111 2832 quum
1120 2787 1163 2832 ego
1171 2782 1196 2817 te
1206 2790 1290 2820 mone·
1351 2783 1352 2806 ³

241 2852 303 2891 rem,
314 2843 340 2880 at
348 2832 423 2880 velles.
435 2833 481 2880 Sed
490 2845 539 2879 tum
548 2837 690 2897 prestitisset
701 2840 776 2884 statim
788 2839 903 2886 seribere:
915 2854 960 2885 non
969 2839 1015 2884 lroea
1032 2840 1054 2886 d.
1069 2855 1092 2902 p.
1106 2845 1216 2900 monenti,
1229 2846 1289 2890 Cau·

244 2910 288 2952 tt'nr
299 2915 325 2951 nt
335 2921 355 2951 s.
367 2921 389 2950 υ.
402 2905 604 2966 IneptitServius:
616 2907 651 2952 nil
658 2907 738 2954 vident
750 2909 824 2954 Cerda
832 2921 855 2954 et
864 2911 943 2954 ceteri.
956 2911 1021 2955 Unus
1030 2909 1104 2955 Faber
1113 2909 1212 2958 alterum
1220 2915 1289 2976 Jubet

241 2993 333 3026 versum
344 2979 467 3040 sejungere
480 2992 492 3021 a
506 2980 635 3037 superiori,
647 2991 671 3024 et
682 2979 813 3042 explicare:
826 2983 911 3024 annam
921 2996 974 3027 veno
984 2979 1092 3027 voluisses
1103 2986 1191 3028 caudas
1201 2993 1223 3030 te
1237 3002 1288 3032 ere-

241 3049 294 3094 dere
310 3049 394 3094 Martt'l
405 3049 439 3094 lta
450 3045 518 3092 velles
536 3064 580 3109 pro
596 3047 715 3096 voluistes.
732 3052 851 3098 Praestaret
869 3051 948 3098 saltem
965 3053 1011 3098 sie:
1024 3053 1116 3098 θαυῑίιιε
1130 3051 1248 3102 αιύείὶες.
1260 3059 1287 3104 ln

239 3123 355 3168 Servianis
366 3119 482 3168 traditur:
497 3119 562 3164 «Alii
573 3136 622 3165 non
632 3125 722 3183 parenti
733 3123 774 3168 sed
785 3126 870 3186 petenti
880 3121 975 3184 legunt:
986 3143 996 3164 r
1010 3122 1075 3186 quod
1089 3126 1131 3170 etsi
1146 3125 1175 3170 ab
1189 3127 1285 3176 indocto

240 3192 389 3256 grammatico
401 3203 522 3250 perperam
535 3192 672 3252 exponitur,
685 3204 761 3236 tamen
772 3195 834 3238 omni
847 3192 978 3240 difficultati
987 3195 1100 3248 occurrit,
1113 3206 1136 3239 et
1147 3199 1232 3243 merito
1242 3200 1286 3260 ipsi

240 3259 337 3306 Heinsio
346 3261 484 3306 concinnius
496 3259 634 3308 videbatur:
645 3267 732 3326 petenti
742 3263 813 3320 mibi,
826 3273 852 3308 ut
861 3261 936 3309 velles.
948 3288 980 3299 —
993 3262 1043 3308 153.
1056 3271 1098 3309 aut
1107 3279 1167 3312 roevo
1184 3269 1250 3314 Rom.
1266 3279 1286 3314 tt

239 3343 271 3374 rr.
286 3327 424 3374 beleotlt.
437 3331 597 3388 tert—154.
616 3332 687 3379 Hand
704 3337 794 3397 iqrtarns
810 3335 868 3378 enim
885 3331 967 3376 llamh.
984 3346 1032 3392 pn,
1047 3345 1096 3375 uon
1107 3332 1215 3395 illepide.
1228 3354 1285 3383 nova

240 3481 328 3521 tamen
342 3472 369 3520 in
384 3471 516 3525 nobilium
530 3475 668 3530 funeribus
683 3492 737 3524 non
781 3473 808 3523 h.
824 3473 841 3523 l.
853 3470 956 3543 ingredi
968 3470 1069 3523 urbem.
1078 3502 1115 3512 —
1128 3475 1185 3546 ¹47·
1197 3471 1284 3530 lucen.

240 3568 315 3619 aeque
343 3549 489 3605 obtinuisse
517 3554 579 3605 inde
609 3551 736 3623 colligas,
781 3548 1015 3603 duntclamort'bus
1027 3553 1134 3618 arbem,
1150 3555 1281 3611 clamores
1350 3591 1351 3620 3

240 3628 314 3701 quod
329 3647 379 3700 pro
398 3634 489 3682 rostris
508 3631 675 3692 laudationes
692 3628 738 3680 ba·
780 3648 829 3700 per
841 3629 942 3682 urbem.
954 3649 979 3684 r.
994 3629 1079 3698 adli,
1096 3633 1154 3702 895.

237 3707 379 3762 bebantur.
389 3709 456 3762 Cum
468 3711 571 3763 facibus
579 3709 647 3760 forte
658 3710 737 3760 etiam
819 3710 866 3762 152
877 3739 911 3749 -—
927 3710 983 3763 155.
1006 3705 1125 3764 Turbata
1135 3717 1223 3767 oratio
1234 3717 1282 3768 do·
1350 3769 1351 3790 i

238 3807 295 3840 mos
308 3791 372 3854 fnit,
383 3804 413 3842 nt
428 3789 532 3840 obviam
544 3785 737 3856 progrederen·
780 3788 836 3842 lore
849 3790 990 3861 loquentis.
1007 3790 1075 3844 Vide
1086 3792 1148 3844 Var.
1162 3795 1235 3847 Leot.
1253 3795 1279 3848 Si

238 3884 281 3921 tur
293 3872 420 3936 mortuis,
438 3871 482 3940 qui
494 3885 524 3918 ex
535 3864 631 3935 preliis
644 3885 735 3937 repor·
779 3877 842 3921 v‘e'ra
850 3883 889 3922 est
898 3870 992 3938 lectio,
1003 3871 1091 3936 ita,ut
1100 3873 1226 3941 fecimus,
1239 3877 1279 3926 in·
1350 3875 1351 3892 ¹

236 3947 414 4014 sstabantur.-
423 3945 479 4012 145.
488 3944 650 4011 Comparant
657 3945 732 3999 Iliad.
779 3949 1017 4022 terpungenda‚·et
1029 3951 1066 4002 sic
1079 3951 1209 4020 explenda
1222 3966 1275 4005 est:

185 4031 187 4036 ’
238 4051 271 4092 2,
285 4045 334 4101 707
346 4025 512 4098 sqq-146.
522 4024 655 4076 succedere
664 4027 734 4080 tectis
778 4029 840 4082 Non
852 4029 905 4094 hoc
918 4029 1158 4103 promiserasmibi
1178 4031 1206 4083 in
1225 4030 1276 4084 dis·-
