2690 4598
265 313 304 384 16
355 311 358 316 '
510 309 545 371 P.
567 304 798 372 VIRGILII
819 307 1049 386 Mtnonts

261 438 346 500 Ante
358 431 448 511 satis,
460 431 592 519 penitus
604 429 705 495 modo
717 453 784 496 non
796 456 900 520 genus
912 460 1011 506 omne
1021 459 1160 531 perosos

261 542 470 617 Femineum;
483 536 602 627 quibus
613 536 685 602 haec
696 537 796 604 medii
809 540 929 608 fidncia
940 549 1030 629 valli,

262 649 501 732 Fossarnmque
513 664 627 721 morae,
642 641 698 706 leti
711 641 896 712 discrimina
908 673 1023 738 parva,

259 751 349 816 Dant
360 751 485 814 animos
497 770 504 809 :
516 762 550 812 at
561 769 628 810 non
640 745 794 813 viderunt
805 755 925 818 moenia
937 759 1060 847 Trojae‚

259 856 404 944 Neptuni
416 854 570 917 fabricata
581 875 680 915 manu
693 854 864 921 considere
876 859 910 922 in
923 861 1026 948 ignis?

258 962 323 1029 Sed
335 984 408 1041 vos,
426 984 445 1025 o
457 961 547 1039 lecti,
562 959 649 1024 ferro
662 961 719 1048 qui
731 962 880 1028 scindere
892 968 1014 1034 vallum

258 1069 414 1157 Adparet,
429 1083 460 1131 et
468 1087 603 1130 mecum
615 1064 738 1130 invadit
750 1068 946 1156 trepidantia
958 1079 1080 1140 castra?

257 1178 332 1240 Non
343 1155 441 1238 armis
453 1171 535 1235 mihi
546 1171 698 1251 Volcani,
711 1195 779 1236 nou
791 1175 881 1240 mille
893 1180 1010 1245 carinis

258 1283 317 1346 Est
329 1302 412 1367 opus
425 1279 459 1341 in
469 1279 634 1340 Teucros:
647 1275 770 1341 addant
781 1301 816 1342 se
828 1299 986 1369 protenus
999 1309 1113 1353 omnes

257 1387 387 1453 Etrusci
398 1385 504 1449 socios
516 1405 523 1444 ε
536 1380 688 1447 tenebras
701 1400 733 1447 et
744 1385 861 1451 inertia
872 1389 960 1455 furta

257 1493 270 1520 ²
280 1490 429 1569 Palladii,
443 1489 533 1554 caesis
545 1509 680 1552 summae
692 1489 883 1559 custodibus
895 1497 978 1561 arcis
989 1497 1002 1524 ¹*

290 1669 341 1725 141.
350 1667 415 1714 modo
424 1680 465 1710 aec
476 1663 566 1726 aliquot
574 1665 648 1720 Pien,
660 1665 723 1711 unde
733 1678 812 1712 natum
822 1683 871 1715 esse
881 1683 976 1731 apparet
987 1671 1052 1718 modo
1060 1689 1119 1720 nunc
1129 1693 1152 1738 9.
1163 1677 1224 1722 ven,
1230 1712 1237 1734 ‚
1251 1680 1294 1725 effi

256 1741 289 1786 ⁸³⁰
300 1738 430 1799 ⁶⁰ffit²b³t
442 1734 571 1780 Markland.
582 1734 611 1779 ad
623 1736 720 1780 Statium
737 1739 764 1797 p!
780 1737 830 1793 284.
848 1739 895 1784 Sed
905 1742 989 1786 mirum
999 1753 1033 1786 est
1042 1744 1103 1788 viros
1112 1744 1193 1791 doctos
1202 1749 1227 1791 in
1242 1747 1294 1792 loco

255 1808 301 1856 hoc
311 1807 398 1853 nodum
408 1820 523 1868 quaerere,
536 1816 576 1849 aut
590 1806 616 1848 in
631 1819 660 1850 eo
675 1803 788 1851 solvendo
804 1805 863 1851 adeo
879 1806 984 1855 laborare
997 1813 1108 1872 potuisse.
1121 1817 1186 1859 modo
1197 1831 1254 1870 non,
1268 1827 1294 1861 ut

255 1891 344 1926 tantum
353 1894 397 1924 non
406 1893 482 1932 omne,
491 1877 582 1939 quoties
590 1889 638 1920 non
648 1877 764 1920 scaturit?
778 1892 869 1938 perosos
877 1893 940 1925 recte
949 1883 1047 1927 retinuit
1062 1884 1140 1930 lleins.
1155 1887 1229 1931 Etiam
1239 1889 1293 1932 satis

255 1965 304 1997 esse
314 1949 413 1996 debebat
422 1959 488 2001 ante,
499 1944 570 1992 semel
580 1959 686 2006 peccasse
697 1960 748 2000 eos,
760 1962 855 2007 perosos
864 1963 937 2010 genus
944 1950 1069 1996 femineum
1078 1954 1150 1999 modo
1157 1969 1205 2000 non
1214 1971 1291 2002 omne.

252 2025 337 2086 perosas
346 2020 407 2066 (lud.
418 2034 471 2064 am.
481 2034 516 2078 pr.
528 2029 632 2080 perosum
641 2014 731 2076 aliquot
739 2015 812 2072 Pier.,
825 2016 891 2062 multi
908 2013 986 2064 Heius.
1003 2031 1027 2064 et
1041 2022 1134 2078 Burm.‚
1147 2036 1171 2069 et
1179 2028 1241 2070 ime,
1253 2040 1291 2070 ω,

253 2092 316 2138 Gud.
326 2109 339 2137 a
350 2108 381 2136 m.
393 2105 438 2136 sec.
451 2104 504 2132 cum
517 2087 606 2132 Carisio
618 2097 641 2131 et
652 2084 729 2130 Schol.
740 2087 814 2132 Statii.
830 2088 856 2131 ln
865 2088 973 2134 Mediceo
988 2102 1035 2135 erat
1045 2107 1136 2152 perosos
1145 2105 1168 2139 et
1180 2095 1292 2140 emenda.

252 2175 302 2208 tum
315 2179 330 2206 u
341 2161 365 2206 h.
379 2177 400 2206 e.
411 2173 520 2222 perosus:
533 2156 631 2203 similem
644 2154 760 2200 licentiam
777 2156 975 2218 deprehendimus
986 2161 1010 2204 in
1022 2161 1103 2222 fragm.
1116 2164 1191 2209 Vatic.
1201 2180 1292 2226 perosos

253 2234 322 2278 etiam
332 2232 398 2274 Rom.
410 2229 539 2275 exhibuisse
549 2226 652 2280 videtur,
664 2237 688 2271 et
698 2238 831 2272 constanter
840 2226 900 2272 illud
909 2231 1011 2275 retinent
1020 2231 1074 2275 edd.
1085 2243 1154 2287 vett,
1164 2249 1222 2295 quae
1232 2234 1291 2280 evol·
1334 2253 1335 2283 t

252 2303 335 2348 vimus.
347 2325 378 2336 -
391 2298 441 2354 141.
444 2297 468 2360 f
479 2294 532 2342 belli
539 2295 597 2342 alter
606 2297 687 2340 Hamh.
697 2321 728 2330 —
740 2294 790 2350 143Ι
803 2311 864 2342 mora
873 2307 897 2342 et
904 2299 970 2344 Rom.
985 2300 1110 2346 discrimine
1117 2318 1202 2364 parvo,
1215 2307 1292 2348 minu,

253 2369 382 2432 eleganter,
394 2384 446 2431 pars
455 2367 523 2413 codd.
535 2368 593 2412 Pier.
605 2378 628 2412 et
637 2367 716 2412 lleins.
727 2381 780 2410 cum
795 2369 846 2428 ipso
861 2368 945 2413 Medic.
959 2382 981 2414 et
993 2370 1073 2432 fragm.
1088 2372 1163 2416 l'atic.
1175 2389 1188 2418 a
1198 2389 1234 2435 pr.
1247 2389 1292 2429 m.,

252 2443 322 2487 etsie
336 2439 385 2486 lere
402 2438 456 2484 edd.
473 2449 525 2483 ante
544 2438 622 2482 lleins.
637 2461 668 2470 —
683 2434 732 2491 144.
745 2435 778 2480 At
787 2452 838 2481 non.
856 2437 934 2482 lleins.
948 2451 999 2500 post
1016 2442 1117 2484 Pierium
1130 2457 1143 2487 e
1154 2441 1292 2488 melioribus

250 2511 317 2558 libris
329 2511 470 2557 vindicavit:
484 2509 570 2572 vulgo:
582 2509 620 2553 An
635 2523 687 2554 non.
708 2509 833 2570 Utramque
850 2507 974 2556 lectionem
990 2514 1082 2558 Servius
1097 2527 1217 2560 memorat.
1229 2514 1291 2560 conl.
1333 2511 1334 2519 ’

247 2583 306 2637 ,v11,
319 2580 363 2627 363
372 2582 405 2626 At
413 2595 457 2626 non
465 2583 496 2624 sic
506 2577 616 2642 Phrygius
623 2586 727 2640 peneum
734 2579 893 2625 Lacedaemona
900 2589 991 2642 passm,-
1003 2581 1043 2625 ubi
1053 2582 1134 2627 eadem
1145 2585 1250 2630 varietas,
1259 2609 1291 2620 ..-

255 2653 306 2710 146.
316 2654 350 2698 At
359 2669 397 2699 vos
408 2670 448 2716 qu.
458 2653 543 2696 Moret.
556 2652 601 2695 Sed
614 2666 652 2696 vos
663 2647 728 2694 electi
741 2649 830 2712 aliquot
848 2652 906 2696 Pier.
924 2664 947 2696 et
963 2652 1018 2712 lleg.
1036 2667 1088 2697 cum
1105 2653 1204 2698 Dorvill.
1216 2653 1291 2704 selecti

250 2723 346 2770 Mentel.
356 2741 391 2788 pr.
405 2739 458 2768 am.
471 2737 506 2785 pr.
516 2738 530 2768 o
540 2719 585 2766 loett'
594 2719 697 2765 Parrhas.
711 2736 723 2764 a
736 2735 767 2762 m.
781 2735 816 2780 pr.
830 2724 870 2782 qui
881 2721 958 2767 lleins.
967 2733 1026 2782 post.
1035 2723 1095 2766 Pier.
1108 2738 1121 2766 e
1133 2723 1201 2769 bonis
1213 2723 1291 2778 libris,

246 2811 278 2850 ,ex
289 2794 356 2840 solita
368 2793 489 2854 elegantia.
503 2791 533 2835 cl.
545 2805 596 2850 sup.
616 2806 638 2834 v.
656 2791 693 2834 51.
706 2787 783 2849 Vulgo
796 2793 854 2852 qur's.
870 2790 976 2835 scandere
988 2788 1057 2835 Goth.
1069 2801 1122 2835 tert.
1134 2816 1165 2826 —
1181 2791 1230 2854 147.
1241 2793 1290 2854 Αρ-

247 2874 312 2929 paret
321 2865 411 2927 aliquot
422 2865 483 2907 Pier.
496 2885 529 2896 --
542 2862 591 2904 151.
604 2860 690 2904 Versus
702 2870 764 2904 totus
773 2872 902 2906 remoratur
911 2863 1024 2922 impetum
1033 2858 1153 2922 loquentis
1160 2863 1245 2918 Turni,
1257 2866 1290 2908 ita

249 2949 275 2982 ut
286 2939 413 2982 orationem
425 2934 546 2979 liberatam
559 2947 587 2976 eo
599 2945 647 2976 ease
657 2929 777 2992 pervelim.
789 2931 901 2978 Observat
911 2948 1005 2995 quoque
1014 2933 1154 2988 Burmann,
1166 2934 1290 2980 Freinshe-

203 3013 204 3018 ’
248 3008 320 3052 mium
330 3006 359 3052 ad
367 3006 431 3050 Curt.
441 3005 482 3060 tv,
496 3001 535 3057 13,
547 3001 561 3046 8
575 2999 759 3055 hemistichium,
771 3017 799 3047 ex
815 2999 856 3045 lib.
867 3001 900 3056 ll,
917 3000 959 3045 166
970 3003 1109 3062 repetitum,
1122 3001 1151 3047 ab
1163 3001 1209 3048 alia
1220 3017 1291 3049 manu

248 3076 353 3122 adsunam
363 3087 463 3138 putasse.
480 3073 547 3117 Nunc
563 3071 632 3118 video
646 3071 759 3116 Jacobum
774 3073 861 3134 Bryant
870 3071 915 3116 hoc
924 3073 1000 3132 ipsum
1010 3071 1098 3116 tutum
1109 3087 1190 3118 versus
1200 3087 1228 3118 ex
1242 3071 1290 3117 alio

247 3217 347 3286 quippe
369 3216 414 3284 qui
435 3234 466 3266 ex
486 3227 565 3286 raptu
583 3215 689 3266 Helenae
710 3232 741 3266 ea
791 3210 996 3264 letidiscrimt'na
1007 3231 1105 3285 parva,·
1118 3213 1193 3284 quod
1204 3213 1291 3265 dena·
1330 3225 1331 3229 ’

247 3293 319 3345 mala
337 3296 437 3364 experti
457 3296 526 3358 sint,
545 3305 575 3342 ut
595 3295 671 3344 modo
689 3311 741 3344 non
789 3293 1287 3364 rigantibussimpliciusHomerdliad.

248 3370 360 3424 omneh.
373 3390 395 3422 e.
410 3383 585 3444 totumgenus
596 3373 741 3423 femineum
790 3391 813 3430 1,
833 3371 884 3422 628
902 3369 990 3424 wiell
1011 3369 1057 3440 γιὶρ
1075 3372 1113 3422 ὑπ’
1132 3375 1157 3422 is
1173 3370 1289 3425 8111131111

247 3452 337 3524 perosi
344 3467 400 3501 esse
408 3449 534 3502 debeant:
545 3463 647 3502 tantum
656 3451 739 3515 abest,
789 3447 945 3517 adparere-
953 3451 1017 3517 146.
1032 3453 1192 3516 animosius,
1208 3471 1290 3522 quam

247 3544 278 3583 ut
293 3547 390 3581 novum
407 3542 527 3599 raptum,
542 3532 671 3596 Laviniae,
687 3549 741 3582 me·
789 3531 1180 3595 Homericusliectorlliad.p,
1191 3533 1251 3598 440.
1264 3549 1287 3582 1.

191 3627 192 3632 ’
247 3611 372 3663 ditentur.
384 3608 481 3678 Quibus
490 3607 550 3660 hoec.
560 3611 644 3660 Exire
655 3612 740 3662 oratio
784 3609 999 3679 ‹Respicitautem
1004 3611 1110 3660 Turnus
1118 3609 1293 3662 armaaThe·

247 3690 348 3742 durior.
368 3689 420 3738 Dat
437 3688 467 3737 iis
485 3687 537 3739 hoc
552 3688 669 3753 vallum,
685 3688 741 3741 haec
789 3686 843 3738 tide
853 3687 950 3738 achfflt
962 3700 1119 3758 apportata,
1132 3701 1159 3740 et
1175 3689 1290 3742 classem

245 3771 340 3832 fossa,
362 3766 457 3836 quibus
478 3769 585 3818 exitium
605 3781 742 3820 morantur
789 3766 959 3818 Achivorum.
974 3797 1009 3807 -
1026 3767 1082 3821 150.
1104 3767 1160 3819 151.
1180 3787 1207 3818 v.
1228 3787 1289 3838 sup.

246 3845 557 3920 paullulum,liduciam:
571 3865 605 3897 an
614 3865 668 3898 non
678 3864 741 3899 vero
789 3844 836 3896 lib.
848 3847 888 3911 ll,
905 3847 953 3912 164
964 3863 1023 3916 sqq.
1035 3843 1148 3898 Insidiae
1159 3865 1211 3916 per
1222 3866 1292 3898 noc·
1327 3849 1328 3856 ’

246 3924 743 3993 multomunitiora'l'rojoemoenieever-
790 3937 843 3975 tem
855 3921 1068 3978 nonstrneinus:
1086 3925 1232 3992 utfurtum
1245 3940 1291 3977 to·
1323 3921 1328 3944 ⁴

247 4002 552 4075 revideruntlhrgutam
559 4015 599 4056 est
605 4003 672 4058 illud
680 4004 741 4070 143:
790 4007 840 4057 ties
851 4027 857 4056 z
869 4006 957 4072 tulli,
968 4005 1028 4060 350.
1038 4004 1077 4070 X,
1090 4003 1150 4074 735.
1161 4005 1214 4074 Xl,
1228 4004 1291 4058 515.
