2724 4600
210 328 252 392 90
377 301 631 369 EXCURSUS
656 303 692 366 ΙΙ
715 303 778 366 AD
802 303 991 370 LIBRUM
1015 308 1076 374 IX.

209 429 255 499 qui
266 426 377 482 Iliadem
389 427 471 480 latine
483 426 669 491 reddiderunt,
685 427 755 478 inter
774 444 841 496 quos
858 425 905 478 Cn.
924 429 1034 481 Mattius
1052 432 1121 496 fuit,
1141 434 1187 504 qui
1203 447 1249 487 sut

136 518 137 524 ’
208 506 277 558 mals
288 509 429 580 acceperit,
440 519 486 559 aut
495 505 565 558 male
576 507 765 577 interpretatus
775 508 808 558 sit
818 506 851 557 In
859 505 965 572 Arima,
973 508 1046 564 unde
1056 511 1128 564 lacte
1137 526 1175 564 est
1186 515 1251 566 Ina.

208 585 276 637 rima
287 587 330 638 vel
342 587 467 641 Inarime.
480 588 522 638 An
538 603 655 656 unquam
671 603 768 638 nornen
780 583 832 637 boc
843 586 1042 640 Pithecusarum
1055 594 1189 644 communi
1199 611 1251 646 usu

207 667 406 738 frequentatum
417 669 465 733 sit,
478 665 587 718 dubitor
598 665 704 718 videtur
715 665 783 717 illud
794 667 863 717 inter
872 679 964 737 poetas
977 685 1005 720 se
1016 672 1186 724 continuisse.
1195 673 1251 725 Ma-

208 759 267 800 ture
286 759 374 800 tamen
393 747 527 820 Typhoeus
542 746 576 799 ad
588 745 644 798 hec
656 745 736 798 ltslite
747 745 808 798 loca
820 747 924 818 ignibus
938 750 1013 800 cecis
1026 749 1159 804 celebrata
1171 769 1251 804 revo-

208 838 282 878 catus
294 828 358 894 fuit,
371 841 400 880 ut
411 829 490 880 docet
500 827 608 880 Pindari
616 825 690 878 locus
698 844 759 878 mox
767 826 926 880 laudandus.
939 829 1032 881 Tradit
1042 849 1148 904 quoque
1160 832 1249 884 Sebol.

207 903 345 976 Apollonii
357 907 392 959 sd
404 908 450 960 lib.
463 908 501 975 ll,
517 908 597 974 1214,
609 904 786 977 Pherecydem
793 907 850 975 jam
863 906 986 978 Typhoni
997 909 1161 962 Pithecusam
1175 913 1254 963 insu-

207 983 262 1036 lam
273 980 397 1055 injectam
410 1005 542 1040 narrasse.
555 986 641 1039 Obvia
654 985 715 1036 inde
732 987 818 1055 postis
835 997 862 1036 et
879 986 965 1038 facilis
977 989 1029 1038 fuit
1040 988 1131 1040 insule
1143 1007 1253 1061 compa-

208 1065 277 1115 ratio
287 1084 347 1116 cum
357 1069 454 1119 Arimis
462 1068 570 1119 Homeri
578 1079 604 1118 et
612 1065 723 1117 deflexio
733 1065 846 1117 nominis
854 1065 881 1116 in
888 1065 1004 1118 Arimen.
1012 1067 1081 1118 Miro
1089 1081 1177 1120 sutem
1187 1085 1251 1120 casu

209 1143 318 1209 accidit,
331 1157 360 1196 ut
371 1145 488 1198 Etruscis
501 1145 582 1197 arimi
593 1145 845 1209 dicerentursimii,
858 1146 904 1214 qui
917 1143 1014 1197 Grecis
1026 1146 1138 1207 eleasar,
1158 1163 1252 1199 secun·

206 1220 271 1274 dnm
284 1224 405 1278 Strabon.
418 1228 435 1278 l.
449 1247 487 1289 c.;
501 1226 575 1298 quod
587 1227 609 1277 si
621 1227 658 1277 ita
670 1243 698 1277 se
710 1224 820 1290 babuit,
836 1237 910 1276 tanto
922 1226 1068 1296 proclivior
1079 1228 1129 1278 fuit
1141 1243 1252 1298 permu-

207 1301 350 1355 tandorum
362 1306 484 1357 locorum
496 1324 579 1358 error.
593 1303 746 1355 Pithecusas
758 1322 775 1355 a
784 1303 948 1374 Cercopibus
958 1303 1044 1376 Lydiae
1056 1307 1083 1356 iu
1096 1305 1186 1356 simios
1196 1323 1254 1357 mu·

207 1382 269 1432 tatis
281 1382 457 1437 inhabitatam
470 1397 496 1437 et
508 1385 608 1436 dictam
620 1401 652 1435 eo
663 1383 772 1434 nomine
787 1399 858 1447 esse,
872 1384 1038 1454 eXsnagora
1049 1382 1131 1434 tradit
1147 1384 1251 1454 Harpo-

207 1466 310 1518 cration
330 1467 391 1521 Lex.
411 1469 478 1521 rhet.
500 1487 559 1521 voc.
580 1464 682 1536 Ripae-l.
704 1466 806 1530 Alium,
828 1464 876 1516 sed
898 1465 1087 1530 indoctiorem,
1107 1466 1251 1519 verborum

207 1542 309 1611 lusum,
329 1550 378 1598 etsi
394 1548 445 1600 sibi
462 1548 618 1620 probatum,
639 1545 738 1597 Plinius
759 1558 904 1610 memorat,
925 1565 941 1596 a
952 1542 1059 1618 stqlinis
1079 1545 1251 1598 doliart'orum

207 1619 307 1674 dictam
325 1625 502 1679 Pithecusam.
526 1625 637 1680 Aelius
650 1636 739 1678 tamen
755 1623 891 1695 quomodo
903 1625 1066 1675 nubulariam
1078 1626 1188 1678 formari
1200 1645 1252 1696 po·

206 1705 319 1768 tuerint,
338 1724 394 1758 uon
412 1709 475 1758 satis
492 1705 660 1778 intelligitur3
676 1704 750 1776 quod
769 1704 803 1756 ab
823 1723 855 1756 eo
874 1718 928 1770 est,
949 1703 1070 1767 esaan,
1086 1707 1130 1756 vix
1147 1705 1251 1761 erulos

206 1785 407 1850 pronuntiatum
420 1797 468 1838 est.

243 1859 324 1925 Quod
339 1863 439 1916 Plinius
452 1865 578 1935 apposuit
589 1862 635 1915 lib.
649 1864 699 1930 HI,
713 1862 753 1928 6,
768 1863 889 1926 AEnaria,
904 1862 1018 1913 Homero
1033 1861 1150 1914 Inarime
1162 1863 1251 1931 dicta,

207 1955 304 2009 parum
316 1957 439 1996 accurate
453 1963 510 1996 esse
522 1944 725 2015 pronuntiatum
737 1941 848 2012 quilibet
862 1940 941 1993 facile
953 1941 1033 1992 videt.
1048 1943 1187 2013 Virgilium
1204 1961 1252 1996 au-

207 2029 261 2069 tem
272 2020 300 2070 in
310 2021 402 2074 insule
414 2025 524 2074 nomine
538 2023 644 2093 sequuti
659 2033 721 2072 sunt
731 2020 859 2086 Ovidius,
874 2019 952 2072 Silius
964 2031 991 2071 et
1002 2020 1047 2072 alii
1057 2031 1142 2091 poete
1152 2041 1159 2084 ;
1171 2024 1253 2074 etiam

206 2096 295 2152 Livius
307 2103 334 2152 in
344 2102 404 2154 loco
415 2123 431 2156 a
439 2103 530 2155 Servio
539 2103 673 2173 adscripto
685 2124 691 2154 ι
707 2102 768 2153 locs
776 2100 910 2172 adscripta
918 2117 990 2153 nunc
998 2099 1101 2152 videbis
1113 2119 1130 2154 a
1139 2103 1252 2156 Werns·

207 2175 277 2227 dori.
292 2197 354 2249 pag.
370 2181 431 2250 359.

241 2257 351 2310 Homeri
362 2279 440 2327 vero,
450 2272 516 2313 utet
526 2259 579 2312 boc
589 2259 701 2326 addam,
715 2272 741 2313 et
752 2259 861 2312 Hesiodi
875 2277 984 2331 quoque
993 2259 1092 2331 Theog.
1103 2260 1155 2326 304
1163 2259 1254 2312 Arimi

206 2352 267 2401 seu,
282 2339 356 2409 qnod
367 2342 471 2407 malim,
483 2341 593 2406 Arima,
604 2336 730 2410 osl'sppe
748 2359 785 2393 sc.
806 2342 859 2408 ips,
877 2341 952 2393 baud
963 2341 1045 2393 dubie
1060 2343 1088 2394 in
1103 2342 1167 2394 Asia
1179 2359 1253 2414 qnae-

207 2413 291 2468 renda
310 2431 390 2471 sunt:
411 2423 486 2492 sique
499 2440 515 2473 a
526 2421 716 2473 vetustioribus
734 2420 902 2485 auctoribus,
914 2420 1038 2492 AEscbylo
1049 2423 1076 2472 in
1088 2419 1174 2472 Prom.
1189 2422 1249 2475 351.

206 2494 311 2548 Pindar.
331 2499 405 2571 Pytln
427 2502 454 2565 1,
474 2500 522 2566 32,
541 2512 581 2553 est
600 2499 739 2568 standum,
750 2501 778 2552 in
790 2499 883 2553 Cilicia
895 2523 901 2552 ι
915 2518 972 2571 quse
985 2500 1107 2572 quidem,
1119 2517 1174 2554 uua
1189 2519 1251 2555 cnm

206 2591 304 2647 magno
313 2579 423 2632 minoris
435 2579 512 2646 Asia,
521 2593 548 2632 et
559 2599 609 2651 per
617 2580 748 2652 Phrygia,
760 2581 864 2652 Mysia,
878 2599 908 2633 ac
920 2580 1007 2652 Lydia
1019 2579 1083 2632 fines
1094 2584 1251 2633 continuato

207 2663 311 2720 tractu,
320 2659 427 2731 ignibus
439 2659 618 2712 subterraneis
629 2659 693 2710 olim
706 2661 778 2711 arsit.
791 2659 860 2712 Vide
869 2659 1027 2712 Strabonem
1039 2672 1065 2710 et
1076 2659 1135 2711 aliis
1146 2660 1212 2712 locis
1224 2675 1252 2714 et

205 2751 266 2805 pag.
281 2737 348 2805 928,
360 2740 422 2808 930.
434 2741 506 2791 conf.
520 2738 641 2790 Eustatb
655 2738 718 2790 adl.
732 2757 756 2790 o.
768 2739 885 2791 Homeri.
898 2740 991 2808 ltaque
1004 2740 1031 2790 in
1043 2739 1075 2788 iis
1087 2738 1153 2792 locis
1166 2740 1253 2791 omni-

207 2813 259 2866 hus
271 2817 385 2889 Typhon
394 2820 505 2872 fulmine
514 2830 663 2890 prostratus
673 2820 776 2870 namuri
788 2819 889 2888 potuit,
901 2829 927 2869 et
939 2828 1061 2869 narratus
1074 2829 1113 2868 est
1125 2836 1143 2870 a
1153 2817 1251 2871 multis.

207 2895 298 2949 Solent
314 2911 403 2952 tamen
417 2903 561 2972 scriptores
571 2917 654 2951 unum
667 2899 825 2970 plerumque
837 2913 869 2950 ex
881 2899 975 2949 ceteris
987 2897 1053 2949 locis
1065 2897 1188 2950 omnibus
1200 2898 1252 2969 ry-

204 2976 290 3046 phoni
304 2982 452 3053 assignare,
463 2991 493 3030 ut
501 2979 641 3030 Maeoniam
651 2979 741 3029 Livius
752 2977 833 3029 XCIV
846 2977 917 3048 apud
927 2977 1045 3029 Servium
1055 2975 1088 3028 ad
1097 2976 1124 3027 b.
1132 2976 1150 3027 Ι.
1161 2978 1251 3044 Quum

206 3073 223 3107 a
231 3054 316 3128 Syris,
325 3076 372 3110 seu
379 3059 504 3111 Aramaeis
516 3057 614 3110 Ciliciae
626 3074 689 3128 pars
701 3056 766 3108 olim
777 3056 926 3108 inhabitata
938 3067 1020 3120 esset,
1032 3053 1127 3106 mirum
1136 3073 1191 3106 non
1201 3066 1251 3120 est,

207 3153 305 3188 nomen
318 3154 411 3190 eorum
423 3139 522 3204 serius,
536 3139 606 3206 forte
619 3137 654 3190 ad
663 3138 810 3189 Homerum
821 3149 920 3204 usque,
933 3135 960 3185 in
973 3135 1005 3184 iis
1020 3133 1086 3184 locis
1098 3145 1251 3202 superstes,

207 3214 322 3285 ideoque
332 3217 439 3270 Arimos
451 3230 553 3270 montes
564 3219 592 3268 in
603 3215 697 3268 Cilicia
706 3215 791 3268 dictos
801 3215 891 3265 fuisse.
902 3211 945 3262 sd
954 3211 1054 3282 Syriam
1066 3221 1154 3260 sutem
1166 3227 1252 3280 prop·

207 3307 247 3346 ter
263 3313 361 3347 nomen
381 3298 448 3350 illud
467 3299 587 3351 fabulam
606 3297 774 3348 Homericam
793 3293 897 3345 trahere
912 3308 944 3342 sc
955 3290 1098 3341 transies-rs
1113 3289 1157 3339 vix
1172 3287 1250 3352 hosts

205 3374 290 3427 multo
303 3377 390 3428 miuus
403 3377 437 3430 de
448 3378 510 3431 lacu
525 3377 680 3442 Sirhouide,
702 3387 747 3428 aut
766 3391 826 3426 cum
841 3370 956 3442 Tayloro
968 3368 1042 3440 apud
1054 3367 1203 3420 Woodium
1215 3369 1251 3424 de

140 3464 143 3471 ·
204 3452 266 3504 lacu
276 3453 426 3525 Asphaltite
439 3461 566 3530 cogitare.

241 3533 331 3599 Quum
349 3534 382 3588 de
394 3535 435 3589 his
447 3541 555 3593 Homeri
571 3551 598 3592 et
609 3537 714 3609 Virgilii
729 3534 796 3585 locis
811 3543 852 3582 tot
867 3539 957 3583 extent
971 3531 1090 3582 virorum
1106 3528 1250 3584 doctorem

206 3610 414 3682 disputationes,
423 3634 558 3687 apponere
566 3617 610 3669 hic
620 3617 707 3667 risum
713 3625 754 3665 est
761 3631 807 3679 ea,
816 3627 873 3682 quse
881 3611 950 3663 inter
958 3612 1098 3664 innumera
1107 3627 1248 3683 perperam

207 3704 307 3744 asserta
319 3692 421 3746 idoneis
438 3715 527 3750 rerum
539 3696 714 3770 argumentis,
727 3693 822 3746 saltem
833 3691 969 3765 probabili
978 3689 1094 3763 judicio,
1108 3691 1250 3744 memorari

204 3787 283 3852 posse
294 3771 460 3827 videbantur.

625 3951 847 3981 ...α-οι·-
868 3941 871 3954 ’
