2690 4598
235 280 278 361 64
483 275 517 338 Ρ.
543 272 771 338 VIRGILII
794 271 1025 342 MARONIS

235 397 381 467 Intendit
392 397 510 476 telum,
525 395 719 484 diversaque
731 391 866 461 brachia
877 395 1002 462 ducens

235 506 388 572 Constitit
399 518 473 567 ante
485 504 504 566 J
507 525 602 566 ovem
615 500 767 588 supplex,
780 523 841 589 per
851 519 925 568 vota
938 518 1108 591 precatus:

238 640 252 672 u
263 614 282 676 J
285 612 416 699 uppiter
427 608 650 696 omnipotens,
663 605 842 671 audacibus
854 605 964 672 adnue
975 609 1101 698 coeptis.
1228 620 1272 668 625

233 719 310 807 Ipse
323 716 382 782 tihi
393 714 435 780 ad
447 732 502 778 tua
514 713 635 801 templa
648 713 750 776 leram
763 712 923 778 sollennia
935 713 1037 795 dona,

233 827 276 889 Et
287 839 426 888 statuam
436 837 512 885 ante
523 841 594 883 aras
606 835 718 883 aurata
730 819 838 883 fronte
846 819 1028 909 juvencum

233 927 451 1005 Gaudentem,
464 925 652 1013 pariterque
663 939 763 1011 caput
774 947 850 990 cum
862 942 965 990 matre
978 927 1155 1008 ferentem,

231 1039 306 1103 Jam
318 1057 421 1099 cornu
433 1046 522 1120 petat
534 1027 718 1117 etpedibus
731 1031 789 1118 qui
802 1047 931 1118 spargat
941 1054 1084 1098 arenam.
1098 1061 1111 1093 n

232 1142 359 1220 Audiit,
374 1156 407 1204 et
418 1137 488 1218 caeli
500 1133 692 1200 Genitorde
704 1151 796 1222 parte
809 1159 925 1201 serena
1227 1153 1273 1202 630

233 1247 382 1315 Intonuit
393 1245 512 1309 laevum
524 1264 531 1305 :
545 1257 639 1306 sonat
650 1264 716 1305 una
728 1242 838 1306 fatifer
848 1266 954 1309 arcus.

199 1396 201 1404 ι
231 1355 359 1442 Effugit
369 1347 573 1415 horrendum
585 1346 726 1412 stridens
738 1348 880 1415 adducta
892 1352 1021 1439 sagitta,

231 1463 360 1548 Perque
373 1470 471 1544 caput
483 1454 613 1518 Remuli
625 1455 729 1534 venit,
743 1470 777 1519 et
788 1476 866 1520 cava
877 1473 1026 1544 tempora
1037 1456 1126 1524 ferro

230 1565 377 1657 Trajicit.
393 1591 407 1620 a
418 1544 449 1640 1‚'
461 1559 570 1624 verbis
582 1560 737 1624 virtutem
749 1559 862 1625 inlude
874 1561 1034 1650 superbis.

260 1755 317 1805 ⁶²3·
331 1749 534 1813 co”fendifflsslill-
543 1750 642 1796 Intendit
648 1749 752 1812 reposuit
761 1749 840 1796 Heius.
849 1765 862 1795 e
871 1747 932 1795 Gud.
945 1760 968 1796 et
977 1765 1020 1812 pro
1029 1749 1076 1797 div.
1086 1748 1140 1798 lect.
1153 1750 1193 1796 alt.
1203 1751 1274 1809 Mem,

231 1825 398 1889 tel.,quoniam
404 1819 657 1882 coristititsubtequitnr
663 1820 818 1881 proxIme.SIc
825 1835 876 1882 sup.
883 1821 927 1880 59⁰
933 1817 1027 1865 celerem
1034 1821 1153 1866 Intendisse
1159 1824 1274 1886 sagittam,

231 1899 278 1946 Sed
288 1897 355 1944 aliter
364 1908 430 1940 arcus
441 1891 557 1948 tenditur,
567 1890 634 1937 aliter
642 1892 737 1952 sagitta;
747 1889 795 1936 haec
806 1891 921 1948 tenditur,
930 1891 1045 1954 dirigitur.
1053 1891 1143 1949 ''⁶²⁴l·
1152 1909 1196 1955 per
1204 1893 1276 1939 verba

230 1976 338 2034 precatur
344 1963 432 2010 zulich.
438 1971 546 2026 precatur
552 1963 620 2008 etiarn
628 1959 741 2006 Montalb.
750 1972 773 2006 et
780 1959 839 2007 alter
845 1960 1027 2022 ueniet-629.
1035 1963 1121 2008 Veram
1128 1962 1195 2008 deest
1201 1961 1274 2010 Goth.

232 2053 286 2088 tert.
296 2041 325 2084 Et
335 2049 370 2085 eat
381 2033 422 2082 ille
432 2037 545 2096 repetitus
556 2048 583 2079 ex
595 2031 642 2078 Ecl.
656 2033 700 2087 lll,
712 2031 750 2094 87,
765 2049 841 2095 eoque
853 2036 878 2078 in
889 2033 997 2095 precibus
1005 2033 1041 2079 his
1050 2033 1133 2080 melina
1142 2049 1184 2080 noe
1193 2049 1276 2081 carere

231 2105 437 2157 arbitron-630.
448 2103 521 2148 Audit
531 2103 595 2147 Rom.
608 2115 632 2147 et
642 2113 697 2148 vett.
711 2103 772 2147 Pier.
785 2104 878 2149 Genitor
886 2103 987 2150 caelisec.
1001 2103 1109 2149 llottend.
1117 2119 1195 2150 severa
1202 2103 1274 2149 Goth.

230 2193 285 2228 tert.
297 2203 329 2214 -
339 2178 393 2223 631.
399 2173 483 2236 fatifer
493 2190 506 2218 e
518 2173 575 2218 libb.
588 2173 649 2219 Pier.
662 2185 686 2219 et
695 2175 742 2220 ruis
753 2173 864 2236 praeclare
876 2173 956 2220 intulit
967 2175 1045 2222 Heius.
1058 2175 1135 2238 Vulgo
1147 2175 1231 2238 letffer,
1243 2191 1274 2220 ex

230 2255 445 2312 interpretamento.
459 2247 482 2290 Si
492 2260 543 2306 sup.
556 2243 601 2304 609
614 2257 663 2290 erat
673 2261 743 2290 cavom
747 2279 755 2301 ,
767 2245 868 2291 debebat
880 2244 935 2290 eth.
948 2245 964 2290 l.
978 2263 1027 2294 esse
1037 2245 1122 2293 loevom.
1133 2271 1165 2281 -
1176 2244 1230 2292 632.
1241 2245 1275 2292 Et

224 2322 322 2387 fugitur
331 2319 396 2363 Ilom.
409 2328 433 2362 et
443 2313 494 2360 aliis
505 2315 566 2359 Pler.
579 2315 711 2370 invenerat,
722 2317 803 2378 sicque
815 2315 885 2360 Goth.
896 2331 941 2361 sec.
953 2327 977 2361 et
989 2315 1029 2362 alii
1043 2333 1080 2379 ap.
1095 2317 1211 2372 Servium,
1230 2317 1275 2378 qui

230 2408 243 2438 e
249 2390 313 2454 fugit
323 2385 437 2450 praetulit,
457 2383 530 2444 idque
542 2394 621 2428 tuetur
633 2384 749 2430 Heinsius.
763 2387 787 2430 Si
798 2396 877 2431 tamen
886 2389 1001 2432 rationem
1013 2399 1036 2434 et
1047 2403 1114 2434 utum
1126 2389 1152 2432 in
1164 2386 1207 2433 illo
1218 2379 1275 2445 ipe

228 2457 270 2508 aet
286 2473 332 2504 uno
347 2465 370 2502 et
384 2454 520 2516 diligentius
531 2452 675 2510 consideret,
689 2453 758 2500 IacIIe
774 2455 908 2518 apparebit,
922 2457 954 2500 Et
964 2455 1028 2521 fugit
1038 2460 1106 2504 unice
1118 2473 1199 2504 verum
1210 2471 1274 2512 eree,

229 2529 336 2592 InprimIs
343 2541 414 2590 quum
422 2537 510 2569 summa
517 2521 623 2568 celeritas
630 2526 717 2570 emisse
728 2526 815 2587 sagittae
825 2537 849 2571 et
857 2529 960 2588 percusti
969 2527 1060 2573 Remuli
1069 2527 1108 2573 hic
1118 2527 1272 2574 describatur.

229 2600 297 2647 Conl-
308 2598 351 2644 inI.
362 2597 406 2651 xl,
418 2593 471 2640 863.
483 2591 506 2650 I.
519 2593 546 2636 ln
557 2605 609 2638 tert.
622 2593 731 2640 Bottend.
745 2594 838 2660 cffugit,
850 2597 875 2640 In
886 2612 934 2659 quo
943 2597 1086 2643 adstruendo
1095 2597 1174 2642 lleins.
1185 2595 1274 2643 multus

229 2682 272 2719 ett.
288 2677 311 2714 et
319 2669 375 2730 fluit
383 2665 448 2710 Voss.
460 2666 554 2726 strigem
565 2678 601 2725 pr.
614 2663 696 2710 Ramh.
708 2666 781 2711 Porro
792 2665 890 2711 adducto
901 2682 921 2711 s.
932 2665 996 2712 idem
1007 2680 1034 2711 ex
1046 2667 1105 2711 Pier.
1118 2667 1273 2728 inprimisque

229 2743 347 2794 Romano,
365 2750 440 2797 exque
459 2733 509 2779 aliis
527 2735 574 2780 ruis
590 2733 658 2780 docte
677 2737 790 2793 restitnit,
809 2738 897 2782 utinam
909 2736 1048 2782 declarasset
1059 2751 1153 2798 quoque
1165 2735 1273 2782 sensum!

229 2811 301 2874 vulgo
311 2821 375 2856 crat:
388 2807 465 2868 elapsa
475 2804 514 2852 vel
524 2804 619 2870 adlapsa
631 2818 655 2852 et
664 2805 764 2870 allapsa,
781 2810 849 2854 etiam
862 2811 886 2853 in
898 2807 966 2853 codd.
979 2817 1057 2870 parte;
1075 2807 1124 2853 dno
1139 2807 1218 2852 lleins.
1231 2807 1272 2851 de·

231 2881 303 2946 lapsa.
314 2878 410 2940 Proprie
422 2875 543 2921 adducitur
553 2891 635 2922 orcus:
647 2888 709 2934 tum,
725 2893 778 2940 quae
789 2877 892 2923 adducto
903 2893 958 2923 arcu
970 2876 1045 2925 evolat
1056 2878 1149 2939 sagitta,
1161 2888 1236 2938 poctae
1248 2887 1273 2922 et
1305 2904 1309 2914 ι

228 2958 279 3018 ipsa
287 2951 385 2998 adducto
389 2982 397 3004 ,
408 2947 433 2993 h.
442 2945 582 3005 accelerata,
593 2947 705 3006 admista,
716 2949 764 2996 dici
770 2951 855 3013 potuit.
862 2974 894 2986 -
900 2947 953 3006 634.
960 2949 1081 2996 Exciderat
1090 2950 1115 2994 in
1123 2959 1190 3014 parte
1199 2946 1270 2994 codd.

229 3120 276 3155 ons
288 3103 343 3153 sive
354 3116 386 3150 ex
398 3096 461 3149 setis
470 3097 516 3162 eit,
531 3095 586 3146 sive
597 3113 629 3147 ex
639 3095 727 3148 tendi·
779 3097 835 3151 125.
843 3128 878 3137 -
886 3098 945 3151 632.
960 3096 1089 3158 adducta,
1102 3091 1218 3145 adducto
1228 3111 1271 3144 ar-

216 3181 307 3238 ,nibus
328 3198 358 3230 ac
375 3177 462 3229 nervis
481 3175 593 3244 equinis.
612 3175 724 3242 -oat
775 3196 808 3229 cu
820 3181 961 3230 concitata.
979 3195 1003 3226 v.
1021 3177 1081 3225 Ver.
1102 3174 1193 3222 Lect:
1215 3173 1270 3225 nisi

226 3276 320 3332 preces
337 3269 398 3309 ante
416 3257 538 3327 sagittam
555 3256 677 3307 emissam
695 3267 726 3306 ut
773 3259 849 3310 malis
861 3260 888 3309 in
900 3275 931 3310 eo
943 3273 1064 3320 manere,
1076 3264 1105 3303 ut
1116 3253 1212 3322 sagitta
1221 3252 1271 3303 ad-

161 3331 164 3337 ’
228 3356 287 3408 sup.
299 3336 332 3388 de
341 3337 451 3387 Nisovs.
461 3334 628 3400 tos-626.
643 3335 723 3402 dona,
774 3336 854 3388 ducta
870 3335 973 3386 dicatur
986 3334 1060 3386 nervi
1072 3343 1212 3401 respectu:
1231 3331 1269 3384 ad

228 3415 402 3478 sacrificium,
415 3426 444 3463 ut
458 3415 535 3465 toties
548 3425 637 3484 poeta.
651 3413 722 3466 Male
772 3434 849 3486 quem
862 3417 958 3485 sagitta
967 3412 1095 3472 adducta,
1109 3410 1230 3477 admota,
1243 3413 1269 3464 ei

226 3499 299 3552 Serv.
309 3495 342 3546 de
357 3493 482 3546 donariis.
497 3496 557 3564 627.
573 3494 608 3545 cf.
625 3491 719 3564 Odyss.
769 3495 892 3564 imposita
912 3494 1007 3544 fuerat.
1028 3491 1187 3543 inserendum
1206 3492 1268 3543 stri-

226 3595 261 3643 γ,
284 3575 334 3628 382
355 3591 395 3643 sq.
416 3602 451 3612 -
473 3573 533 3625 628,
557 3582 637 3643 eaput
660 3589 721 3623 rum
769 3573 830 3624 dens
843 3571 988 3643 jungenda.
1004 3566 1103 3624 ninstidi
1117 3571 1211 3636 escwi
1226 3566 1268 3636 yi-

225 3663 310 3705 matre
320 3651 466 3722 ferentur,-
483 3651 611 3723 aqualem
628 3651 720 3716 matri,
769 3650 810 3706 rir'
829 3650 944 3719 ἀργυρέοιο
953 3651 1019 3711 βιοῖο.

223 3735 279 3802 jam
296 3730 422 3782 adultum.
440 3729 578 3798 Ἰσομιίτομ
598 3727 666 3796 «priv
689 3745 721 3780 ex
802 3730 863 3798 634.
875 3731 936 3784 635.
947 3731 1058 3784 Schema
1068 3730 1194 3784 traducta
1203 3747 1267 3781 nar-

224 3811 337 3864 Theocr.
345 3810 438 3862 laudat
446 3810 576 3862 Guellius:
587 3808 663 3871 lut,
680 3811 719 3877 14.
769 3813 879 3864 rationis
896 3811 931 3864 ad
947 3811 1094 3883 dialogum,
1113 3807 1184 3879 quod
1201 3827 1266 3860 ore-

226 3890 327 3943 -630.
341 3890 412 3940 conf.
425 3889 500 3941 Iliad.
512 3910 536 3950 ο,
546 3889 595 3959 377
610 3903 636 3940 et
648 3889 720 3941 alibi.
770 3895 869 3946 tionem
886 3895 989 3964 egregie
1004 3893 1119 3954 animat,
1137 3899 1265 3941 notarunt

224 3980 299 4053 ¹sinist
309 3988 372 4029 unu.
384 3967 457 4040 Λίγξι
472 3964 521 4049 dds
535 3981 587 4040 etc,
601 3969 678 4038 ulad,
692 3971 723 4051 d,
770 3974 869 4053 passim
883 3972 1055 4053 grammatici,
1074 3971 1111 4050 ci·¹
1123 3966 1210 4040 Gltgkt
1229 3966 1266 4042 ad
