2690 4596
54 289 1111 317 ΜΜΛΝἈΜΊΜἿΜΛΝᾺΜἋΛΛᾸΜΑΜΜΜΜΜΛΊΜΜ

116 505 230 620 DE
266 499 625 622 NATURA
662 484 1062 621 AENEIDOS

376 745 811 914 otsoutsirto

250 1069 500 1140 AUCTORE
527 1068 742 1140 canoto
768 1070 936 1140 nuno

62 1513 232 1643 AENEIS,
244 1587 363 1654 poema
372 1563 554 1647 heroicum,
566 1567 635 1632 sive
646 1567 787 1657 epicum,
798 1570 840 1633 ab
849 1572 949 1633 AEnea
958 1567 1115 1657 Trojano,

59 1670 207 1736 Veneris
227 1687 260 1734 et
278 1669 429 1735 Anchisae
450 1671 533 1753 filio,
557 1674 677 1737 Priami
696 1696 833 1762 genero,
846 1698 980 1753 ,nornen
996 1673 1116 1738 hahet:

60 1801 136 1842 non
153 1776 245 1866 quod
257 1777 404 1842 actiones
415 1778 502 1844 illius
518 1802 633 1844 omnes
649 1779 925 1868 comprehendat,
942 1779 1001 1844 sed
1017 1802 1117 1843 unam

60 1885 156 1948 inter
169 1905 284 1948 omnes
298 1885 514 1972 praecipuam,
536 1886 661 1950 scilicet
679 1909 817 1974 regnum
833 1887 867 1950 in
888 1886 980 1950 Italia
999 1883 1116 1950 funda·

59 2002 149 2053 tumss
164 1989 289 2077 Scripta
305 2006 384 2055 esta
398 1990 536 2078 Virgilio
551 1991 585 2053 in
600 1992 835 2079 gratiam„tum
848 1993 1004 2054 Romanae
1017 1990 1117 2053 totius

61 2096 190 2184 gentiS,
208 2113 280 2164 tum
292 2097 424 2163 familiae
437 2097 587 2187 inprimis
604 2096 715 2176 Juliae,
731 2121 806 2186 quae
821 2097 982 2186 originem
997 2085 1118 2160 refere-
1159 2112 1168 2130 ‘

60 2201 122 2266 bat
130 2225 225 2266 suam
238 2203 280 2268 ad
292 2205 415 2282 lulum,
432 2203 500 2268 sive
508 2204 699 2283 Ascanium,
711 2208 820 2268 AEneae
831 2204 934 2267 filium
947 2227 986 2268 ex
995 2206 1120 2268 Creusa

60 2308 189 2371 Priami
204 2307 280 2373 filia.
297 2313 334 2372 ln
349 2309 434 2374 hanc
446 2332 547 2398 porro
562 2309 719 2374 familiam
732 2309 979 2375 ascitusaJulio
990 2312 1117 2374 Caesare

62 2415 236 2479 avunculo
257 2415 365 2480 fuerat
387 2416 600 2495 Octavianus,
625 2432 705 2480 tunc
727 2439 838 2480 rerum
853 2434 993 2505 potens,
1018 2431 1117 2504 atquc

61 2523 209 2610 AEgypto
219 2521 367 2601 subacta,
383 2525 430 2585 M.
441 2523 585 2587 Antonio
597 2538 629 2586 et
639 2521 812 2611 Cleopatra
823 2523 1019 2602 interfectis,
1031 2544 1117 2586 unus

64 2627 159 2693 orbis
174 2627 314 2690 Romani
332 2627 497 2693 dominus.
520 2628 623 2694 Scribi
643 2645 751 2716 coepta
767 2645 816 2693 est
833 2650 921 2692 anno
938 2629 979 2691 U.
998 2629 1033 2690 C.
1055 2629 1118 2713 724

65 2749 226 2812 exeunte,
249 2732 376 2819 Virgilii
396 2737 450 2813 40,
474 2734 644 2799 Octaviani
664 2734 721 2814 33¹3
743 2756 846 2822 quum
865 2732 1064 2806 Octavianus
1083 2719 1117 2792 in

64 2841 143 2904 Asia
156 2862 225 2904 non
240 2839 338 2926 longe
352 2838 393 2902 ab
408 2838 576 2927 Euphrate
590 2840 774 2930 hyemaret,
789 2855 890 2927 atque
905 2833 950 2902 ita
960 2837 1117 2924 Virgilius

63 2961 144 3031 post
152 2943 337 3008 adhibitam
347 2944 516 3032 Georgicis
527 2964 706 3010 extremam
717 2967 866 3024 manum,
878 2943 1037 3008 continuo
1047 2940 1118 3006 ani-

64 3071 162 3112 mum
174 3049 303 3114 AEneidi
313 3049 446 3115 videtur
454 3051 667 3139 applicuisse,
679 3053 712 3115 in
724 3074 828 3140 eaque
839 3073 958 3130 annos,
970 3066 1008 3113 ut
1015 3041 1119 3112 hahet

65 3138 216 3235 Seriane,
233 3155 390 3221 undecim
405 3157 598 3238 collocasse,
616 3175 698 3247 quot
712 3157 753 3221 ab
767 3179 807 3221 eo
820 3173 970 3244 tempore
980 3154 1022 3219 ad
1032 3176 1119 3217 mor-

64 3277 137 3325 tem
152 3262 281 3350 Virgilii
294 3265 430 3328 omnino
444 3281 669 3328 numerantur.
683 3264 820 3329 Secutus
836 3280 885 3328 est
896 3262 1067 3350 Virgilius,
1081 3276 1118 3324 ut

65 3366 102 3432 in
122 3369 286 3434 Bucolicis
302 3370 533 3449 Theocritum,
554 3371 588 3434 in
607 3368 777 3458 Georgicis
798 3368 998 3447 Hesiodum;
1020 3369 1064 3430 ita
1083 3367 1118 3430 in

66 3473 209 3538 AEneide
226 3478 424 3557 Homerum,
444 3476 537 3565 cujus
554 3474 735 3566 Odysseam
752 3499 809 3540 sex
826 3475 992 3564 prioribus
1009 3473 1115 3553 libris,

67 3579 209 3645 Iliadem
228 3603 284 3646 sex
302 3582 541 3668 posterioribus
558 3583 733 3670 expressit,
751 3605 793 3646 an
811 3581 910 3645 etiarn
928 3577 1118 3667 superavit?

67 3684 108 3749 ld
123 3711 204 3752 vero
218 3687 395 3776 ambigitur
409 3689 495 3752 inter
509 3688 635 3754 doctos.
931 3771 933 3778 Α

113 3795 221 3858 Acrro
230 3791 395 3874 AEneidos,
409 3811 446 3859 ut
458 3793 548 3859 nuda
560 3812 610 3860 est
619 3796 729 3884 operis
741 3795 887 3873 materia,
901 3793 948 3858 sic
961 3815 996 3858 se
1005 3790 1115 3856 habet.

70 3897 205 3979 AEneas,
228 3899 361 3964 incensa
382 3923 402 3964 a
425 3901 548 3966 Graecis
569 3900 686 3991 Troja,
712 3925 789 3968 cum
813 3923 950 3966 suorum
971 3893 1122 3986 reliquiis
