2718 4594
272 313 334 378 272
518 290 553 353 P.
576 286 808 367 vinoun
830 289 1061 358 Mauortis

268 417 342 496 Qua
354 436 388 478 se
400 435 543 501 cumque
556 413 667 476 furens
679 411 791 482 medio
804 413 877 477 tulit
889 399 1017 502 agmine
1029 416 1136 504 virgo,
1172 493 1176 502 .

270 523 341 585 Hac
352 522 475 584 Arruns
488 517 589 596 subit,
603 523 636 582 et
647 519 764 582 tacitus
778 521 913 606 vestigia
925 521 1055 603 lustrat,

267 631 342 710 Qua
353 629 467 694 victrix
478 625 564 691 redit
576 625 643 704 illa,
657 625 845 715 pedemque
858 650 897 691 ex
907 626 1003 692 hoste
1016 645 1176 717 reportat,
1342 697 1343 718 ,

269 733 479 824 Hacjuvenis
492 732 605 795 furtim
618 731 733 796 celeris
746 730 922 820 detorquet
933 732 1088 799 habenas.
1268 748 1305 810 765
1342 719 1343 770 3

269 841 340 904 Hos
352 838 474 917 aditus,
484 838 619 927 jamque
631 836 692 901 hos
704 837 826 917 aditus,
841 860 1040 928 omnemque
1052 857 1202 928 pererrat

268 945 425 1034 Undique
437 944 625 1023 circuitum;
639 959 805 1008 etcertum
818 945 923 1033 quatit
934 945 1093 1033 inprobus
1106 946 1245 1012 hastam.

269 1055 366 1117 Forte
379 1073 470 1118 sacer
482 1049 611 1139 Cybelae
624 1049 799 1129 Chloreus,
813 1050 958 1140 olimque
971 1038 1138 1132 sacerdos,
1210 1051 1212 1060 ’

268 1159 409 1246 Insignis
421 1159 519 1244 longe
532 1155 678 1245 Phrygiis
692 1155 837 1243 fulgebat
850 1158 883 1220 in
895 1159 1007 1238 armis,

268 1265 548 1353 Spumantemque
559 1261 702 1349 agitabat
714 1285 851 1350 equum,
867 1286 966 1352 quem
979 1263 1087 1352 pelliS,
1100 1262 1218 1330 ahenis
1266 1293 1305 1340 77·

269 1374 316 1436 In*
320 1371 468 1460 plumam
479 1369 638 1456 squamis,
652 1391 733 1432 auro
746 1385 896 1433 conserta
907 1369 1047 1458 tegebat.

300 1543 353 1606 762.
363 1539 413 1597 Quo
422 1535 510 1598 aliquot
520 1536 580 1580 Pier.
592 1550 616 1581 se
625 1539 705 1600 cuique
712 1537 786 1598 Bigot.
791 1525 872 1602 firens
881 1555 934 1601 pars
942 1540 1003 1584 Pier.
1013 1551 1036 1586 et
1043 1539 1135 1594 Heius,
1144 1540 1306 1586 varietateierc
1342 1545 1343 1578 l

269 1625 391 1679 perpetua.
397 1609 466 1672 ferox
474 1625 485 1652 a
493 1623 565 1668 mpr.
572 1606 695 1652 videbatur
701 1607 809 1655 babuisse
816 1608 913 1656 Mentel.
922 1609 1061 1672 pr.Sedb.l.
1064 1611 1148 1673 furens
1155 1624 1229 1667 recte,
1235 1623 1306 1673 utpote

269 1689 398 1746 inpugna
408 1678 469 1724 unde
481 1677 523 1722 inl.
535 1677 577 1738 781
591 1689 651 1722 cccco
663 1689 686 1723 et
696 1681 794 1724 incauta.
804 1705 835 1714 -
845 1679 898 1743 763.
910 1681 962 1724 Huc
972 1695 1017 1725 sec.
1029 1681 1114 1726 Moret.
1124 1685 1194 1725 armis
1205 1680 1306 1725 subitEd.

269 1752 368 1801 Mediol.
378 1771 408 1786 -·-
421 1749 472 1810 765.
485 1747 567 1793 celeres
571 1747 656 1809 furtim
668 1747 757 1811 aliquot
770 1750 849 1796 lleins.
860 1775 892 1785 -
905 1750 956 1812 766.
969 1759 1035 1814 atque
1050 1748 1089 1796 bos
1101 1750 1162 1795 Gud.
1179 1762 1202 1796 et
1214 1767 1249 1813 pr.
1262 1751 1307 1794 lle-

269 1839 323 1886 nag.
335 1820 373 1867 hos
380 1823 473 1884 jamque
484 1819 567 1863 bloiet.
578 1828 631 1862 tert.
638 1819 733 1880 jamque
745 1816 784 1863 hos
795 1818 869 1864 obitus
878 1835 931 1882 pars
942 1819 998 1866 libb.
1013 1821 1074 1864 Pier.
1090 1833 1112 1866 et
1127 1821 1207 1866 Heius.
1222 1833 1245 1866 et
1255 1819 1308 1872 brt,

271 1910 296 1945 et
304 1893 417 1959 probabat
429 1893 472 1936 hoc
484 1889 574 1935 Pierius
585 1905 638 1934 cum
650 1886 722 1934 Ulitio
733 1890 795 1952 apud
807 1891 936 1936 Heinsium.
947 1893 983 1936 Sic
995 1907 1089 1954 quoque
1102 1893 1208 1938 Donatus
1221 1891 1308 1952 legerat.
1342 1903 1343 1930 ι

264 1975 359 2034 jamque
370 1964 408 2010 bos
418 1961 505 2008 habitus
514 1963 540 2006 in
551 1960 612 2006 binis
622 1962 698 2006 Burm.
709 1962 758 2006 Hos
767 1961 842 2007 abitus
846 1966 939 2027 jamque
949 1961 988 2008 lios
996 1963 1071 2008 aditus
1080 1963 1139 2009 alter
1148 1964 1217 2009 Voss.
1225 1989 1255 1998 -—
1262 1963 1308 2024 767.
1342 1931 1343 2000 i

271 2042 366 2086 circuitu
376 2033 445 2081 Goth.
460 2048 507 2078 sco.
519 2056 550 2068 -
562 2029 615 2092 768.
630 2034 693 2076 satus
708 2030 789 2090 Cybele
800 2032 890 2095 aliquot
903 2034 963 2078 Pier.
975 2048 1039 2078 sacer
1052 2031 1134 2091 Cybelo
1144 2032 1233 2078 Medic.
1247 2033 1310 2077 Pierii
1342 2015 1343 2054 i

271 2126 325 2157 cum
336 2111 444 2152 Donato:
456 2102 542 2148 Medic.
554 2113 576 2147 et
588 2100 627 2146 alii
639 2102 759 2147 Heiusiani
769 2118 822 2148 cum
831 2105 898 2148 trinis
907 2102 976 2160 Goth.
987 2101 1089 2148 Eandem
1099 2103 1238 2148 varietatem
1247 2117 1309 2163 supra

270 2181 313 2226 lib.
324 2179 368 2232 111,
384 2189 423 2221 ιιι
437 2173 544 2220 vidimus.
558 2173 635 2230 Quum
647 2171 742 2231 Cybebes
750 2187 816 2219 mons
824 2173 929 2237 Pbrygiae
938 2173 980 2228 sit,
989 2176 1027 2219 vix
1038 2187 1102 2218 sacer
1111 2171 1195 2232 Cybelo
1207 2176 1310 2235 cuiquam

272 2250 365 2312 placere
377 2255 466 2307 potest,
478 2258 521 2288 nec
532 2245 604 2303 magis
615 2254 693 2288 tamen
704 2259 709 2288 :
721 2257 785 2289 sacer
796 2243 921 2303 Cybele...
931 2241 1026 2307 olimque
1038 2244 1155 2298 sacerdos;
1170 2246 1214 2289 etsi
1225 2241 1309 2306 Cybela

273 2329 420 2366 consecratus
432 2332 444 2360 a
456 2330 530 2376 puero
542 2317 590 2360 esse
601 2316 689 2375 potuit,
702 2327 728 2359 ut
739 2315 835 2361 Camilla
844 2318 923 2362 Dianae
935 2331 986 2378 sup.
1002 2317 1045 2375 559
1059 2331 1110 2378 sqq.
1124 2315 1232 2362 Proclive
1245 2326 1308 2367 esset,

273 2403 327 2434 cum
339 2385 415 2430 Pierio
428 2395 451 2428 et
462 2381 622 2442 Cuningh'anro
634 2383 748 2445 refingcre
759 2401 764 2430 ε
777 2393 840 2430 sotus
852 2384 945 2445 Cybelo,
958 2388 982 2430 in
992 2397 1070 2430 monte
1079 2384 1170 2448 Cybelo
1181 2397 1256 2430 natus.
1270 2382 1310 2428 Sed

262 2447 319 2505 'hoc
331 2454 393 2499 idem
407 2451 521 2513 significat
534 2447 605 2496 lectio
619 2451 741 2498 meliorum
756 2453 887 2502 librorum:
902 2465 965 2501 satus
980 2453 1077 2514 Cybele:
1089 2470 1142 2500 nam
1158 2467 1182 2500 et
1194 2457 1277 2500 montis
1289 2452 1311 2498 id
1342 2491 1343 2502 ,

273 2540 360 2573 nomen
374 2523 425 2567 fuit.
440 2523 488 2566 Nec
500 2520 567 2566 aliter
581 2523 672 2568 Servius
684 2523 752 2585 legit,
768 2528 810 2572 etsi
822 2525 920 2572 alterum
935 2529 984 2590 ejus
998 2523 1087 2570 scholio
1100 2528 1261 2587 praescriptum
1274 2535 1309 2569 cst.
1342 2503 1343 2582 i

272 2595 347 2645 Porro
358 2593 456 2640 choreus
466 2591 566 2646 Medio,
578 2604 626 2636 tum
642 2593 745 2640 Macrob.
758 2597 787 2653 V,
805 2613 813 2642 ι
828 2609 851 2643 et
863 2597 902 2642 alii
914 2597 982 2643 codd.
996 2595 1059 2658 apud
1069 2597 1162 2652 Burm,
1175 2609 1202 2641 ut
1216 2598 1309 2642 auctori·
1342 2589 1343 2642 l

273 2680 321 2714 tate
331 2666 389 2712 adeo
402 2674 502 2726 praestet.
515 2663 563 2708 Nec
577 2661 644 2708 aliter
654 2664 701 2709 Jul.
714 2667 792 2711 Sabin.
805 2666 960 2722 Maiorem,
977 2667 1095 2721 Chtbreus,
1111 2668 1210 2722 Comus,
1227 2666 1310 2713 Obitus
1342 2723 1343 2726 Ἰ

273 2739 383 2786 aberrata
402 2758 433 2769 —
448 2749 501 2797 77¹¹·
518 2732 650 2796 Implumem
664 2733 733 2782 Goth.
748 2753 793 2784 tec.
809 2751 832 2784 et
847 2750 898 2784 tert.
914 2741 995 2784 scamis
1009 2736 1097 2782 Zulich.
1113 2736 1201 2800 aqualis
1212 2755 1225 2784 a
1238 2755 1267 2783 nr.
1278 2754 1308 2799 pr.

274 2881 388 2932 fortunae
404 2894 513 2928 munere
527 2892 677 2930 successum
694 2897 771 2930 suum
816 2879 925 2948 cordos,
939 2882 1038 2952 quippe
1050 2881 1120 2930 inter
1132 2878 1274 2948 Trojanos,
1287 2889 1308 2928 et

274 2955 486 3024 babet—762.
506 2953 615 3020 furens,
636 2970 727 3027 utpote
744 2959 771 3009 in
818 2958 925 3030 quidem
936 2957 1013 3022 olim,
1033 2975 1069 3008 sc.
1089 2959 1118 3008 in
1134 2959 1241 3028 patria;
1258 2971 1307 3009 tan-
1342 3001 1343 3008 .

274 3055 382 3110 pugna,
401 3033 594 3098 ardens,nibil
607 3036 773 3106 amplius-
818 3056 897 3107 quam
907 3037 1087 3108 Phryxautem
1096 3039 1205 3088 ornatui
1215 3036 1306 3088 studet:

275 3119 336 3188 767.
348 3125 463 3178 cenom,
481 3114 555 3181 cujus
574 3114 655 3165 ictum
672 3128 773 3167 certum
817 3117 888 3168 unde
898 3129 982 3187 poetae
992 3117 1066 3166 locus
1076 3117 1164 3168 factus
1176 3135 1309 3168 ornamen·
1342 3165 1343 3168 ,

272 3198 464 3248 destinaverat.
478 3193 582 3264 quatit,
598 3194 698 3261 vibrat,
711 3195 771 3246 σιίιι.
818 3209 905 3247 torum
913 3194 1308 3267 commemorandorum.-770.
1342 3179 1343 3214 ³

274 3275 399 3344 aposolus.
412 3273 535 3340 πιλεμίξιι.
595 3295 597 3300 ’
818 3293 877 3346 77¹·
890 3277 996 3327 Haerent
1007 3277 1033 3326 in
1046 3274 1088 3325 his
1100 3277 1190 3348 Intpp.
1204 3276 1309 3327 Mibisic
1342 3293 1343 3344 ζ

311 3354 371 3421 768.
381 3350 537 3403 Sacerdotes
547 3353 616 3403 iuter
625 3365 773 3424 pugnantes
814 3355 950 3428 jungenda
970 3355 1114 3407 videntur:
1134 3355 1215 3427 pellis
1233 3357 1309 3408 lerina

274 3435 330 3501 jum
345 3432 475 3482 Homerus
498 3428 638 3482 induxerat
656 3432 731 3483 Iliad.
747 3451 772 3493 r,
817 3454 882 3486 auro
889 3445 1014 3499 conserta,
1022 3434 1048 3486 h.
1056 3438 1145 3487 aureis
1153 3437 1253 3500 fibulis,
1261 3436 1310 3486 sub

277 3528 311 3579 9,
325 3511 459 3560 varietatis
475 3509 582 3585 studio,
598 3530 648 3564 nec
662 3509 706 3562 illo
722 3511 773 3562 bo·
817 3527 857 3566 ter
866 3514 954 3566 alvum
961 3515 1023 3584 equi
1031 3533 1090 3566 oras
1099 3516 1179 3586 pellis
1188 3525 1310 3574 constrin-

274 3589 392 3652 aninum,
405 3591 450 3658 qui
462 3607 537 3640 sacra
548 3589 689 3656 curabant,
703 3591 769 3642 ordo
814 3592 951 3666 gentibus,
967 3593 1079 3645 collecta
1093 3607 1120 3646 et
1132 3595 1255 3658 firmata3
1270 3592 1310 3645 sed
1342 3597 1343 3610 ¹

275 3670 344 3718 inter
360 3666 465 3718 Graecos
477 3682 503 3720 et
519 3669 632 3742 Phryges
651 3669 771 3741 aliosque
812 3674 892 3747 pellis
902 3674 993 3726 altenis
1008 3675 1035 3725 in
1046 3675 1171 3746 plumam
1190 3677 1310 3750 squamis,
1342 3663 1343 3666 Ἴ

275 3746 392 3819 populos
402 3747 529 3800 discretus
538 3753 772 3821 erataceterispo·
815 3754 842 3805 h.
856 3773 916 3806 cum
928 3756 1061 3822 squamis,
1073 3753 1180 3808 habens
1193 3771 1310 3828 squamas

274 3826 414 3898 pularibus
425 3829 652 3900 acciribus,quin
661 3849 772 3882 munera
813 3837 842 3884 in
854 3834 950 3903 plumae
967 3833 1077 3884 modum
1096 3853 1129 3886 ex
1146 3855 1199 3888 are
1216 3839 1310 3900 factas,

276 3905 428 3958 eommunia
442 3919 593 3975 praestaret,
608 3908 729 3978 adeoque
745 3923 771 3962 et
816 3931 861 3964 seu
882 3911 984 3964 habens
1003 3912 1131 3965 laminam
1155 3935 1268 3981 aeream,
1288 3917 1310 3965 in

275 3998 378 4059 pugnas
394 3983 503 4038 subiret.
522 3988 586 4053 llic,
606 3987 716 4058 Cybeles
733 4006 773 4042 sa·
815 4009 941 4062 squamas
954 3991 1138 4060 elaboratam,
1149 4013 1210 4068 qua
1219 3997 1311 4068 pluuia·
