2690 4598
354 291 589 356 sueinus
612 292 767 356 uteru
790 256 864 359 rx(
1082 302 1122 368 65

75 418 127 482 Bis
140 417 232 506 capti
244 413 390 504 Phryges
402 413 473 480 haec
486 415 614 481 Rutulis
627 439 784 504 responsa
796 418 1003 484 remittunm
1079 438 1123 484 ιιι

78 527 151 588 Ηοο
163 540 296 588 tantum
308 521 476 586 Ascanius.
491 521 612 584 Teucri
624 521 766 587 clamore
779 541 976 613 sequuntur,

79 630 275 717 Laetitiaque
289 628 449 706 fremunt,
463 626 711 715 animosquead
724 627 831 694 sidera
843 631 972 696 tollunt„

81 735 226 800 AEtheria
238 751 311 798 tum
323 734 409 798 forte
421 734 516 821 plaga
529 734 665 798 crinitus
677 737 797 822 Apollo

80 845 233 929 Desuper
245 840 406 904 Ausonias
416 840 503 903 acies
517 838 701 928 urbemque
714 839 860 921 videbat,

81 945 177 1011 Nube
189 943 325 1023 sedens,
338 960 437 1033 atque
450 943 500 1008 his
513 945 672 1008 victorem
683 944 815 1012 adfatur
827 948 954 1012 Iulum:

1 1069 2 1116 ι
86 1055 219 1116 «Macte
232 1072 318 1114 nova
330 1050 465 1129 virtute,
479 1072 577 1136 puer3
590 1051 636 1114 sic
648 1051 715 1114 itur
725 1049 767 1115 ad
779 1068 877 1132 astra,

1053 1019 1055 1024 ,
1080 965 1125 1022 tilio

78 1247 101 1307 j,
112 1242 167 1288 hine
184 1243 338 1305 depravatum
350 1243 412 1306 apud
424 1245 526 1290 Pierium
539 1247 564 1290 iu
576 1245 641 1290 Rom.
657 1245 800 1309 Tronsadtyit
809 1245 894 1300 verbis,
908 1249 934 1291 in
946 1245 1000 1292 obl.
1017 1251 1126 1306 Tmircr't,

82 1313 147 1360 inat.
164 1317 290 1360 Ilurtst'oct't
300 1327 323 1361 et
338 1315 465 1378 llansfiqt't.
477 1315 546 1378 Apud
555 1319 633 1361 Burtu.
648 1319 759 1380 Tmnsiqit
768 1317 806 1362 ed.
818 1334 855 1379 pr.
871 1320 987 1383 Traruryr't
1002 1321 1126 1367 Burmann.

82 1383 135 1428 Ere.
152 1386 251 1429 Trat'ecr't
259 1384 327 1430 multi
338 1401 390 1430 cum
400 1385 461 1430 binis
471 1385 539 1431 Goth.
553 1388 618 1447 Piget
628 1385 681 1432 talis
691 1389 809 1448 persequi.
818 1402 847 1431 en
857 1384 909 1431 lude
918 1386 1006 1433 ZuIIclr.
1017 1405 1030 1434 ιι
1040 1405 1070 1434 ui.
1080 1405 1126 1436 sec.

82 1453 157 1500 ollude
167 1457 228 1501 Ven.
241 1480 272 1491 -
284 1457 337 1502 636.
350 1457 406 1502 Hoer
418 1469 471 1502 ante
486 1458 577 1513 Heius,
595 1470 621 1502 ιιι
638 1461 722 1519 passius
734 1460 760 1502 iu
771 1460 874 1520 scriptis,
895 1456 932 1504 vel
950 1460 1007 1515 Hic,
1024 1461 1086 1506 Huc.
1098 1485 1131 1498 --

82 1524 133 1570 638.
145 1540 199 1570 cum
206 1524 311 1572 Par-rhus.
321 1551 352 1562 -
361 1526 414 1586 639.
424 1541 487 1571 arces
498 1527 618 1590 urbemque
627 1527 685 1574 alter
693 1528 838 1574 Hammeum
846 1528 917 1574 Goth.
926 1543 987 1587 sec,
999 1529 1067 1577 male.
1078 1532 1128 1578 vid.

81 1594 133 1639 Ilot.
146 1619 179 1630 ·-
192 1594 247 1652 640.
258 1597 370 1642 vectorem.
380 1598 488 1658 juvenem
497 1597 556 1642 Veu.

1 1827 2 1834 ἵ
81 1760 155 1814 Iliad.
169 1761 582 1836 d,303.o,348.Superbiaeve·
617 1766 718 1838 ·Epith.
729 1767 782 1819 Pel.
794 1765 861 1832 323,
875 1781 901 1820 et
913 1769 940 1820 in
952 1767 1061 1820 Catonis
1070 1788 1129 1822 ver·
1157 1792 1160 1797 ·

81 1859 126 1905 ro,
139 1843 278 1911 quavictis
289 1855 335 1893 aut
347 1846 421 1895 caesis
432 1844 583 1896 illuditvic·
630 1845 671 1897 bis
682 1845 754 1916 apud
763 1845 829 1898 Gell.
840 1848 938 1912 XVIII,
952 1847 1130 1918 12)memine-
1197 1891 1200 1896 .

1 1919 2 1950 ³
81 1931 136 1985 tor,
154 1919 242 1991 dignae
258 1920 369 1974 horrida
384 1922 496 1975 heroum
512 1925 581 1990 vita,
630 1928 742 1988 rit;ncc
754 1938 843 1977 tamen
855 1925 898 1978 hic
912 1940 938 1978 et
955 1929 982 1978 in
999 1929 1128 1980 similibus

1 2137 2 2146 ἵ
81 2083 128 2132 tiit.
140 2082 245 2151 -637.
264 2083 367 2135 animos
380 2085 416 2136 ad
431 2085 515 2136 sidero
532 2081 582 2134 tol·

81 2001 230 2072 exemplum
240 2014 323 2072 poeta
335 2003 368 2053 ah
381 2005 496 2055 Homero
506 2022 582 2074 repe·
630 2004 696 2056 locis
711 2006 841 2058 satisfacit
854 2027 860 2055 ι
876 2007 898 2056 si
910 2017 1000 2056 teneas
1015 2019 1130 2057 mactum

632 2101 689 2136 esse
713 2096 838 2148 auctum,
862 2083 1059 2156 amplificatum.
1083 2087 1131 2137 Est

1 2151 2 2206 l
79 2157 138 2212 lunt
150 2161 280 2212 audacter
294 2176 376 2231 poeta
389 2165 512 2230 novavit,
526 2180 580 2214 non
632 2163 749 2234 aliquid,
762 2166 784 2214 si
797 2162 910 2216 reddas:
926 2183 942 2214 o
958 2183 1025 2234 puer
1036 2178 1129 2234 aucte,

80 2258 112 2291 eo
124 2259 220 2306 sensu,
238 2257 292 2312 quo
304 2241 415 2308 volunt,
429 2255 459 2294 ut
473 2243 580 2294 Ascanii

81 2335 125 2376 eut
138 2340 201 2374 suos
215 2324 318 2375 animos
330 2343 379 2394 per
396 2326 516 2376 favttrem
534 2341 580 2376 ex-

81 2402 188 2455 tulerint
200 2402 296 2464 Iaude;
310 2402 357 2456 sed
369 2420 508 2469 successu,
523 2403 581 2475 glo-

82 2484 128 2548 ria,
136 2501 169 2534 ac
182 2485 288 2534 virtutis
296 2501 343 2534 seu
351 2486 523 2549 conscientia,
533 2501 580 2535 seu

82 2563 205 2632 opinione
210 2563 385 2627 ferocientes,
395 2576 420 2616 et
432 2563 580 2616 exultantes

81 2641 173 2711 efferri
184 2641 295 2704 animis,
307 2656 352 2692 aut
363 2643 414 2712 ipsi
426 2643 528 2696 animos
538 2640 581 2712 es-

1 2773 2 2802 p
76 2721 147 2790 fem
167 2721 310 2787 dicuntur,
332 2734 359 2774 et
381 2741 452 2775 nunc
473 2722 582 2794 quidem

82 2813 134 2852 tam
145 2802 287 2867 sublimes,
300 2815 329 2852 ιιι
339 2802 430 2853 caelum
441 2802 492 2854 sibi
504 2804 582 2854 attin-

631 2255 723 2295 ornate
742 2262 813 2296 nova
830 2245 934 2296 virtute.
952 2243 1003 2298 Sed
1023 2247 1129 2298 videtur

630 2322 704 2374 aliud
719 2322 794 2393 “quid
826 2325 935 2394 insuper
964 2323 1129 2390 desiderari,

631 2401 703 2472 quod
715 2420 746 2454 ex
758 2403 867 2454 notione
879 2412 987 2469 auctus,
1001 2406 1047 2474 qui
1059 2405 1130 2457 fruc-

629 2495 719 2534 tumet
731 2502 805 2534 usum
819 2501 849 2535 ac
859 2483 1022 2554 voluptatem
1033 2487 1128 2552 affert,

630 2562 789 2614 eliciendum
797 2575 843 2615 est.
851 2563 957 2616 Scilicet
964 2575 1063 2616 mactus
1073 2563 1129 2616 latt-

630 2640 679 2705 de,
696 2646 790 2692 virtute
798 2679 807 2707 ,
825 2655 865 2694 est
881 2643 926 2712 qui
940 2643 1037 2694 fruitur
1048 2643 1129 2696 laude

632 2740 646 2772 e
658 2740 686 2772 re
698 2721 766 2773 bene
781 2735 871 2793 gesta,
884 2741 915 2774 ex
925 2739 1049 2773 successu
1061 2740 1129 2792 gau·

632 2799 716 2866 dens,
739 2803 855 2854 fructum
878 2801 973 2852 laetitire
993 2799 1056 2850 inde
1081 2819 1129 2852 ca·

81 2900 140 2952 gere
152 2881 302 2935 videantur.
316 2881 399 2936 Sensu
411 2883 516 2935 facilius
526 2901 582 2936 rem
630 2881 724 2951 piens:
738 2883 811 2932 etsie
823 2880 890 2931 nihil
900 2893 940 2931 est
952 2877 1024 2950 quod
1035 2877 1129 2929 melius

83 2979 224 3034 assequare
237 2981 318 3033 quam
329 2963 425 3015 verbis.
629 2963 722 3011 vocem
733 2959 828 3011 reddat
841 2977 919 3028 quum
933 2954 1033 3023 ιἰιῖμιιοι
1041 2955 1069 3008 In
1081 2957 1128 3008 illo

115 3042 175 3094 638.
189 3042 288 3113 Apollo
305 3045 389 3115 gentis
405 3043 481 3097 Julite
497 3043 581 3113 inpri-
629 3039 770 3090 Homerico
782 3038 877 3108 Odyss.
889 3039 920 3096 β,
933 3037 967 3088 33
978 3031 1129 3101 ’mesic-pu

83 3123 129 3172 mis
145 3122 302 3174 studiosus:
319 3125 355 3174 ita
371 3123 483 3176 Actiaca
498 3125 581 3173 victo.
628 3117 693 3166 unit
711 3110 776 3169 ιῖιιιι.
801 3111 919 3180 diriperet,
945 3115 991 3184 qui
1012 3115 1130 3166 fructum

1 3181 2 3208 i
84 3202 168 3253 riaad
184 3221 246 3254 eum
259 3203 425 3256 referebam
436 3202 512 3265 VIII,
530 3201 582 3271 7⁰4
630 3193 981 3264 indecapiaucuibenetit,
991 3192 1131 3245 beneeve-

85 3298 159 3351 sqq.‚
182 3293 208 3333 et
231 3280 379 3334 Palatinum
402 3281 530 3351 templum
553 3282 581 3331 iu
630 3277 704 3327 nint!
737 3274 814 3326 Unde
841 3273 949 3345 vulgare
976 3274 1130 3326 Graecorum

0 3360 1 3367 ’
84 3361 138 3429 ejus
149 3358 281 3412 honorem
292 3361 404 3412 Iactum.
420 3360 455 3411 cf.
472 3359 579 3410 Excurs.

1 3489 2 3496 ,
83 3437 141 3490 lad
152 3438 179 3490 h.
192 3439 252 3491 libr.
261 3469 295 3478 -
303 3440 362 3510 639.
377 3440 505 3493 Ausonias
516 3440 583 3492 acies

85 3518 223 3590 urbemque
228 3556 237 3584 ,
249 3522 475 3592 oppugnationem
484 3532 584 3594 castro-

85 3615 157 3665 rum,
166 3615 214 3650 seu
226 3598 300 3650 urbIs
307 3600 498 3669 Trojanorum,
508 3617 583 3650 novae

84 3675 178 3746 Trojae.
187 3706 222 3715 -
229 3677 289 3742 641.
304 3688 404 3730 mactus
414 3677 479 3748 quid
492 3680 524 3728 sit
534 3678 584 3728 ori·

85 3757 144 3826 gine
156 3768 184 3810 et
195 3775 262 3822 usu,
275 3759 383 3828 copiose
396 3757 547 3810 declaretur
555 3759 583 3808 in

85 3834 222 3890 'l'htrsnuro
233 3836 362 3904 Gesner„
377 3857 425 3890 uec
437 3838 522 3890 latere
536 3855 584 3907 po·

87 3926 135 3965 test
147 3933 225 3981 eum,
239 3919 286 3987 qui
303 3936 379 3970 utum
396 3917 508 3971 similem
524 3935 582 3969 voc.

87 3993 583 4073 Auerni,atqueadeoauqensffiatull.

163 4081 207 4154 In

631 3356 704 3415 liert,
718 3367 747 3405 ut
762 3353 788 3405 h.
803 3353 820 3404 l.
838 3352 898 3406 ιἰιιιι
914 3353 954 3408 elit
970 3353 1020 3408 tior
1039 3354 1128 3422 Apule.

631 3423 702 3487 Bene
715 3435 818 3486 eveniat
829 3435 943 3503 primum
960 3432 1012 3485 hoc
1024 3435 1128 3486 virtutis

633 3514 837 3566 documentum!
851 3511 903 3562 laeti
915 3513 948 3562 sit
959 3513 1067 3565 ominis!
1077 3513 1130 3563 Mi-

633 3616 691 3648 rum
704 3608 792 3648 tamen
802 3592 874 3664 quod
882 3596 1052 3664 grammatica
1060 3595 1129 3646 ratio

632 3679 659 3730 in
671 3693 721 3727 usu
730 3675 804 3724 vocis
819 3671 922 3724 deficit:
936 3691 999 3726 nam
1009 3672 1081 3743 apud
1088 3674 1130 3730 Li·

632 3759 704 3808 vium
710 3755 788 3826 jubet
798 3772 858 3804 eum
870 3763 954 3804 macte
965 3753 1060 3804 virtute
1071 3770 1129 3805 csse.

632 3837 665 3888 Et
676 3849 764 3887 tamen
773 3833 858 3886 idem:
868 3835 949 3885 macti
960 3833 1069 3896 virtute,
1082 3831 1131 3882 mi-

633 3905 695 3967 lites
707 3914 821 3967 Romani
829 3953 837 3976 ,
852 3925 908 3967 este.
926 3914 952 3965 si
967 3915 995 3964 in
1011 3910 1130 3965 formulis

634 3995 669 4052 ad
689 3993 754 4050 deos
772 3992 901 4068 precandi
923 3991 1056 4056 occurrit,
1075 4000 1133 4048 turn
