<?xml version="1.0" encoding="UTF-8"?>
<!DOCTYPE html PUBLIC "-//W3C//DTD XHTML 1.0 Transitional//EN"
    "http://www.w3.org/TR/xhtml1/DTD/xhtml1-transitional.dtd">
<html xmlns="http://www.w3.org/1999/xhtml" xml:lang="en" lang="en">
 <head>
  <title>
</title>
<meta http-equiv="Content-Type" content="text/html;charset=utf-8" />
  <meta name='ocr-system' content='tesseract 3.04.00' />
  <meta name='ocr-capabilities' content='ocr_page ocr_carea ocr_par ocr_line ocrx_word'/>
</head>
<body>
  <div class='ocr_page' id='page_1' title='image "./pvirgiliusmaroq03barbgoog_0080.png"; bbox 0 0 2690 4598; ppageno 0'>
   <div class='ocr_carea' id='block_1_1' title="bbox 165 273 957 354">
    <p class='ocr_par' dir='ltr' id='par_1_1' title="bbox 165 273 957 354">
     <span class='ocr_line' id='line_1_1' title="bbox 165 273 957 354; baseline -0.01 -5"><span class='ocrx_word' id='word_1_1' title='bbox 165 283 207 350; x_wconf 84' lang='lat'>68</span> <span class='ocrx_word' id='word_1_2' title='bbox 411 279 446 341; x_wconf 88' lang='lat' dir='ltr'>P.</span> <span class='ocrx_word' id='word_1_3' title='bbox 471 274 703 354; x_wconf 87' lang='lat' dir='ltr'>VIRGlLll</span> <span class='ocrx_word' id='word_1_4' title='bbox 726 273 957 341; x_wconf 84' lang='lat' dir='ltr'>MARONlS</span> 
     </span>
    </p>
   </div>
   <div class='ocr_carea' id='block_1_2' title="bbox 163 398 1206 1437">
    <p class='ocr_par' dir='ltr' id='par_1_2' title="bbox 163 398 1206 598">
     <span class='ocr_line' id='line_1_2' title="bbox 164 398 1206 488; baseline -0.008 -20"><span class='ocrx_word' id='word_1_5' title='bbox 164 399 374 479; x_wconf 76' lang='lat' dir='ltr'>Dardanidae,</span> <span class='ocrx_word' id='word_1_6' title='bbox 388 399 642 488; x_wconf 83' lang='lat' dir='ltr'>pharetramque</span> <span class='ocrx_word' id='word_1_7' title='bbox 654 398 732 485; x_wconf 78' lang='lat' dir='ltr'>fuga</span> <span class='ocrx_word' id='word_1_8' title='bbox 744 419 875 462; x_wconf 85' lang='lat' dir='ltr'>sensere</span> <span class='ocrx_word' id='word_1_9' title='bbox 887 415 1069 468; x_wconf 86' lang='lat' dir='ltr'>sonantem.</span> <span class='ocrx_word' id='word_1_10' title='bbox 1159 412 1206 460; x_wconf 78' lang='lat'>66·</span> 
     </span>
     <span class='ocr_line' id='line_1_3' title="bbox 163 504 992 598; baseline -0.006 -22"><span class='ocrx_word' id='word_1_11' title='bbox 163 511 252 598; x_wconf 75' lang='lat' dir='ltr'>Ergo</span> <span class='ocrx_word' id='word_1_12' title='bbox 264 508 398 574; x_wconf 88' lang='lat' dir='ltr'>avidum</span> <span class='ocrx_word' id='word_1_13' title='bbox 409 529 543 596; x_wconf 78' lang='lat' dir='ltr'>pugnae,</span> <span class='ocrx_word' id='word_1_14' title='bbox 558 504 653 570; x_wconf 88' lang='lat' dir='ltr'>dictis</span> <span class='ocrx_word' id='word_1_15' title='bbox 665 527 703 568; x_wconf 91' lang='lat' dir='ltr'>ac</span> <span class='ocrx_word' id='word_1_16' title='bbox 715 507 850 569; x_wconf 91' lang='lat' dir='ltr'>numine</span> <span class='ocrx_word' id='word_1_17' title='bbox 863 506 992 588; x_wconf 86' lang='lat' dir='ltr'>Phoebi,</span> 
     </span>
    </p>

    <p class='ocr_par' dir='ltr' id='par_1_3' title="bbox 164 611 981 702">
     <span class='ocr_line' id='line_1_4' title="bbox 164 611 981 702; baseline -0.007 -19"><span class='ocrx_word' id='word_1_18' title='bbox 164 616 341 684; x_wconf 88' lang='lat' dir='ltr'>Ascanium</span> <span class='ocrx_word' id='word_1_19' title='bbox 352 611 545 702; x_wconf 89' lang='lat' dir='ltr'>prohibent;</span> <span class='ocrx_word' id='word_1_20' title='bbox 559 612 621 699; x_wconf 89' lang='lat' dir='ltr'>ipsi</span> <span class='ocrx_word' id='word_1_21' title='bbox 633 612 667 674; x_wconf 89' lang='lat' dir='ltr'>in</span> <span class='ocrx_word' id='word_1_22' title='bbox 680 612 857 675; x_wconf 87' lang='lat' dir='ltr'>certamina</span> <span class='ocrx_word' id='word_1_23' title='bbox 869 634 981 678; x_wconf 89' lang='lat' dir='ltr'>rursus</span> 
     </span>
    </p>

    <p class='ocr_par' dir='ltr' id='par_1_4' title="bbox 164 716 1055 806">
     <span class='ocr_line' id='line_1_5' title="bbox 164 716 1055 806; baseline -0.006 -18"><span class='ocrx_word' id='word_1_24' title='bbox 164 720 366 798; x_wconf 88' lang='lat' dir='ltr'><strong>Succedunt,</strong></span> <span class='ocrx_word' id='word_1_25' title='bbox 380 718 571 806; x_wconf 89' lang='lat' dir='ltr'>animasque</span> <span class='ocrx_word' id='word_1_26' title='bbox 584 717 618 779; x_wconf 93' lang='lat' dir='ltr'>in</span> <span class='ocrx_word' id='word_1_27' title='bbox 630 732 742 803; x_wconf 87' lang='lat' dir='ltr'>aperta</span> <span class='ocrx_word' id='word_1_28' title='bbox 753 716 899 804; x_wconf 87' lang='lat' dir='ltr'>pericula</span> <span class='ocrx_word' id='word_1_29' title='bbox 911 718 1055 784; x_wconf 89' lang='lat' dir='ltr'>mittunt.</span> 
     </span>
    </p>

    <p class='ocr_par' dir='ltr' id='par_1_5' title="bbox 166 821 880 910">
     <span class='ocr_line' id='line_1_6' title="bbox 166 821 880 910; baseline -0.01 -18"><span class='ocrx_word' id='word_1_30' title='bbox 166 828 197 892; x_wconf 95' lang='lat' dir='ltr'>It</span> <span class='ocrx_word' id='word_1_31' title='bbox 208 827 332 892; x_wconf 89' lang='lat' dir='ltr'>clamor</span> <span class='ocrx_word' id='word_1_32' title='bbox 343 824 420 888; x_wconf 90' lang='lat' dir='ltr'>totis</span> <span class='ocrx_word' id='word_1_33' title='bbox 432 845 493 910; x_wconf 87' lang='lat' dir='ltr'>per</span> <span class='ocrx_word' id='word_1_34' title='bbox 503 821 752 909; x_wconf 76' lang='lat' dir='ltr'>propugnacula</span> <span class='ocrx_word' id='word_1_35' title='bbox 762 822 880 902; x_wconf 90' lang='lat' dir='ltr'>muris;</span> 
     </span>
    </p>

    <p class='ocr_par' dir='ltr' id='par_1_6' title="bbox 167 929 955 1015">
     <span class='ocr_line' id='line_1_7' title="bbox 167 929 955 1015; baseline -0.009 -18"><span class='ocrx_word' id='word_1_36' title='bbox 167 930 350 997; x_wconf 90' lang='lat' dir='ltr'>Intendunt</span> <span class='ocrx_word' id='word_1_37' title='bbox 362 929 444 994; x_wconf 89' lang='lat' dir='ltr'>acris</span> <span class='ocrx_word' id='word_1_38' title='bbox 456 948 567 1006; x_wconf 90' lang='lat' dir='ltr'>arcus,</span> <span class='ocrx_word' id='word_1_39' title='bbox 579 942 777 1015; x_wconf 85' lang='lat' dir='ltr'>amentaque</span> <span class='ocrx_word' id='word_1_40' title='bbox 789 943 955 1015; x_wconf 86' lang='lat' dir='ltr'>torquent.</span> 
     </span>
    </p>

    <p class='ocr_par' dir='ltr' id='par_1_7' title="bbox 168 1032 1013 1122">
     <span class='ocr_line' id='line_1_8' title="bbox 168 1032 1013 1122; baseline -0.007 -18"><span class='ocrx_word' id='word_1_41' title='bbox 168 1038 330 1104; x_wconf 80' lang='lat' dir='ltr'>Sternitur</span> <span class='ocrx_word' id='word_1_42' title='bbox 341 1056 440 1100; x_wconf 85' lang='lat' dir='ltr'>omne</span> <span class='ocrx_word' id='word_1_43' title='bbox 453 1032 562 1098; x_wconf 89' lang='lat' dir='ltr'>solum</span> <span class='ocrx_word' id='word_1_44' title='bbox 573 1033 662 1111; x_wconf 77' lang='lat' dir='ltr'>telis,</span> <span class='ocrx_word' id='word_1_45' title='bbox 675 1047 745 1095; x_wconf 89' lang='lat' dir='ltr'>tum</span> <span class='ocrx_word' id='word_1_46' title='bbox 758 1049 848 1097; x_wconf 87' lang='lat' dir='ltr'>scuta</span> <span class='ocrx_word' id='word_1_47' title='bbox 860 1055 1013 1122; x_wconf 85' lang='lat' dir='ltr'>cavaeque</span> 
     </span>
    </p>

    <p class='ocr_par' dir='ltr' id='par_1_8' title="bbox 168 1137 1026 1226">
     <span class='ocr_line' id='line_1_9' title="bbox 168 1137 1026 1226; baseline -0.013 -15"><span class='ocrx_word' id='word_1_48' title='bbox 168 1148 256 1211; x_wconf 89' lang='lat' dir='ltr'>Dant</span> <span class='ocrx_word' id='word_1_49' title='bbox 268 1143 411 1208; x_wconf 90' lang='lat' dir='ltr'>sonitum</span> <span class='ocrx_word' id='word_1_50' title='bbox 424 1139 516 1204; x_wconf 80' lang='lat' dir='ltr'>flictu</span> <span class='ocrx_word' id='word_1_51' title='bbox 528 1137 644 1226; x_wconf 74' lang='lat' dir='ltr'>galeae3</span> <span class='ocrx_word' id='word_1_52' title='bbox 657 1160 767 1224; x_wconf 77' lang='lat' dir='ltr'>pugna</span> <span class='ocrx_word' id='word_1_53' title='bbox 778 1160 893 1225; x_wconf 87' lang='lat' dir='ltr'>aspera</span> <span class='ocrx_word' id='word_1_54' title='bbox 905 1139 1026 1226; x_wconf 78' lang='lat' dir='ltr'>surgit:</span> 
     </span>
    </p>

    <p class='ocr_par' dir='ltr' id='par_1_9' title="bbox 169 1242 1014 1332">
     <span class='ocr_line' id='line_1_10' title="bbox 169 1242 1014 1332; baseline -0.009 -18"><span class='ocrx_word' id='word_1_55' title='bbox 169 1251 318 1332; x_wconf 91' lang='lat' dir='ltr'>Quantus</span> <span class='ocrx_word' id='word_1_56' title='bbox 330 1247 372 1311; x_wconf 91' lang='lat' dir='ltr'>ab</span> <span class='ocrx_word' id='word_1_57' title='bbox 385 1267 503 1311; x_wconf 91' lang='lat' dir='ltr'>occasu</span> <span class='ocrx_word' id='word_1_58' title='bbox 514 1244 664 1322; x_wconf 87' lang='lat' dir='ltr'>veniens,</span> <span class='ocrx_word' id='word_1_59' title='bbox 677 1243 876 1331; x_wconf 83' lang='lat' dir='ltr'>pluvialibus</span> <span class='ocrx_word' id='word_1_60' title='bbox 889 1242 1014 1322; x_wconf 75' lang='lat' dir='ltr'>Haedis,</span> 
     </span>
    </p>

    <p class='ocr_par' dir='ltr' id='par_1_10' title="bbox 168 1335 1127 1437">
     <span class='ocr_line' id='line_1_11' title="bbox 168 1335 1127 1437; baseline -0.009 -16"><span class='ocrx_word' id='word_1_61' title='bbox 168 1355 330 1432; x_wconf 74' lang='lat' dir='ltr'>¹Verberat</span> <span class='ocrx_word' id='word_1_62' title='bbox 343 1335 448 1416; x_wconf 89' lang='lat' dir='ltr'>imber</span> <span class='ocrx_word' id='word_1_63' title='bbox 459 1350 614 1429; x_wconf 74' lang='lat' dir='ltr'>humum,</span> <span class='ocrx_word' id='word_1_64' title='bbox 628 1371 727 1437; x_wconf 93' lang='lat' dir='ltr'>quam</span> <span class='ocrx_word' id='word_1_65' title='bbox 740 1349 843 1414; x_wconf 89' lang='lat' dir='ltr'>multa</span> <span class='ocrx_word' id='word_1_66' title='bbox 854 1349 1012 1436; x_wconf 75' lang='lat' dir='ltr'>grandine</span> <span class='ocrx_word' id='word_1_67' title='bbox 1024 1347 1127 1413; x_wconf 90' lang='lat' dir='ltr'>nimbi</span> 
     </span>
    </p>
   </div>
   <div class='ocr_carea' id='block_1_3' title="bbox 171 1537 1221 2239">
    <p class='ocr_par' dir='ltr' id='par_1_11' title="bbox 171 1537 1221 2239">
     <span class='ocr_line' id='line_1_12' title="bbox 201 1537 1212 1601; baseline -0.007 -10"><span class='ocrx_word' id='word_1_68' title='bbox 201 1546 255 1591; x_wconf 83' lang='lat'>660.</span> <span class='ocrx_word' id='word_1_69' title='bbox 266 1550 378 1588; x_wconf 79' lang='lat' dir='ltr'>tonantem</span> <span class='ocrx_word' id='word_1_70' title='bbox 385 1539 432 1585; x_wconf 91' lang='lat' dir='ltr'>duo</span> <span class='ocrx_word' id='word_1_71' title='bbox 439 1541 517 1584; x_wconf 79' lang='lat' dir='ltr'>burm.</span> <span class='ocrx_word' id='word_1_72' title='bbox 526 1550 550 1585; x_wconf 89' lang='lat' dir='ltr'>et</span> <span class='ocrx_word' id='word_1_73' title='bbox 556 1538 603 1583; x_wconf 85' lang='lat' dir='ltr'>Erf.</span> <span class='ocrx_word' id='word_1_74' title='bbox 611 1537 702 1584; x_wconf 75' lang='lat'>-662.</span> <span class='ocrx_word' id='word_1_75' title='bbox 714 1539 745 1583; x_wconf 87' lang='lat' dir='ltr'>ud</span> <span class='ocrx_word' id='word_1_76' title='bbox 752 1555 773 1584; x_wconf 87' lang='lat' dir='ltr'>c.</span> <span class='ocrx_word' id='word_1_77' title='bbox 784 1539 839 1600; x_wconf 68' lang='lat' dir='ltr'>Req.</span> <span class='ocrx_word' id='word_1_78' title='bbox 849 1541 969 1584; x_wconf 81' lang='lat' dir='ltr'>certamine</span> <span class='ocrx_word' id='word_1_79' title='bbox 980 1537 1094 1584; x_wconf 82' lang='lat' dir='ltr'>Montalb.</span> <span class='ocrx_word' id='word_1_80' title='bbox 1103 1550 1126 1585; x_wconf 90' lang='lat' dir='ltr'>et</span> <span class='ocrx_word' id='word_1_81' title='bbox 1136 1541 1212 1601; x_wconf 71' lang='lat' dir='ltr'>bigot.</span> 
     </span>
     <span class='ocr_line' id='line_1_13' title="bbox 171 1609 1215 1674; baseline -0.01 -10"><span class='ocrx_word' id='word_1_82' title='bbox 171 1633 192 1664; x_wconf 85' lang='lat' dir='ltr'>c.</span> <span class='ocrx_word' id='word_1_83' title='bbox 203 1630 284 1662; x_wconf 84' lang='lat' dir='ltr'>cursus</span> <span class='ocrx_word' id='word_1_84' title='bbox 294 1615 384 1674; x_wconf 71' lang='lat' dir='ltr'>lluqen.</span> <span class='ocrx_word' id='word_1_85' title='bbox 395 1637 427 1647; x_wconf 91' lang='lat'>-</span> <span class='ocrx_word' id='word_1_86' title='bbox 438 1611 491 1657; x_wconf 85' lang='grc'>663.</span> <span class='ocrx_word' id='word_1_87' title='bbox 499 1613 629 1674; x_wconf 75' lang='lat' dir='ltr'>animmque</span> <span class='ocrx_word' id='word_1_88' title='bbox 638 1609 696 1656; x_wconf 86' lang='lat' dir='ltr'>alter</span> <span class='ocrx_word' id='word_1_89' title='bbox 706 1609 817 1655; x_wconf 90' lang='lat' dir='ltr'>llambur.</span> <span class='ocrx_word' id='word_1_90' title='bbox 827 1635 859 1645; x_wconf 96' lang='lat'>—</span> <span class='ocrx_word' id='word_1_91' title='bbox 870 1610 923 1656; x_wconf 82' lang='grc'>665.</span> <span class='ocrx_word' id='word_1_92' title='bbox 933 1619 1035 1655; x_wconf 81' lang='lat' dir='ltr'>armenta</span> <span class='ocrx_word' id='word_1_93' title='bbox 1045 1611 1109 1657; x_wconf 79' lang='lat' dir='ltr'>Rom.</span> <span class='ocrx_word' id='word_1_94' title='bbox 1119 1636 1151 1648; x_wconf 94' lang='lat'>-</span> <span class='ocrx_word' id='word_1_95' title='bbox 1159 1609 1215 1656; x_wconf 91' lang='grc'>666.</span> 
     </span>
     <span class='ocr_line' id='line_1_14' title="bbox 172 1678 1215 1742; baseline -0.006 -10"><span class='ocrx_word' id='word_1_96' title='bbox 172 1695 225 1732; x_wconf 82' lang='lat' dir='ltr'>tnnc</span> <span class='ocrx_word' id='word_1_97' title='bbox 235 1697 258 1731; x_wconf 87' lang='lat' dir='ltr'>et</span> <span class='ocrx_word' id='word_1_98' title='bbox 267 1699 319 1728; x_wconf 86' lang='lat' dir='ltr'>cum</span> <span class='ocrx_word' id='word_1_99' title='bbox 328 1684 353 1728; x_wconf 89' lang='lat' dir='ltr'>in</span> <span class='ocrx_word' id='word_1_100' title='bbox 362 1681 423 1726; x_wconf 88' lang='lat' dir='ltr'>binis</span> <span class='ocrx_word' id='word_1_101' title='bbox 433 1680 502 1726; x_wconf 89' lang='lat' dir='ltr'>Goth.</span> <span class='ocrx_word' id='word_1_102' title='bbox 515 1705 547 1718; x_wconf 87' lang='lat'>-</span> <span class='ocrx_word' id='word_1_103' title='bbox 556 1680 609 1742; x_wconf 80' lang='lat'>667.</span> <span class='ocrx_word' id='word_1_104' title='bbox 620 1680 736 1725; x_wconf 80' lang='lat' dir='ltr'>Habemus</span> <span class='ocrx_word' id='word_1_105' title='bbox 745 1678 784 1724; x_wconf 90' lang='lat' dir='ltr'>hic</span> <span class='ocrx_word' id='word_1_106' title='bbox 793 1681 877 1726; x_wconf 86' lang='lat' dir='ltr'>iterum</span> <span class='ocrx_word' id='word_1_107' title='bbox 885 1679 1016 1742; x_wconf 82' lang='lat' dir='ltr'>exemplum</span> <span class='ocrx_word' id='word_1_108' title='bbox 1023 1682 1119 1726; x_wconf 82' lang='lat' dir='ltr'>rationis</span> <span class='ocrx_word' id='word_1_109' title='bbox 1129 1683 1215 1726; x_wconf 82' lang='lat' dir='ltr'>criticae</span> 
     </span>
     <span class='ocr_line' id='line_1_15' title="bbox 173 1748 1215 1812; baseline -0.006 -12"><span class='ocrx_word' id='word_1_110' title='bbox 173 1754 283 1800; x_wconf 88' lang='lat' dir='ltr'>codicum</span> <span class='ocrx_word' id='word_1_111' title='bbox 292 1763 405 1799; x_wconf 80' lang='lat' dir='ltr'>vetustate</span> <span class='ocrx_word' id='word_1_112' title='bbox 415 1761 438 1796; x_wconf 88' lang='lat' dir='ltr'>et</span> <span class='ocrx_word' id='word_1_113' title='bbox 448 1752 584 1796; x_wconf 85' lang='lat' dir='ltr'>auctoritate</span> <span class='ocrx_word' id='word_1_114' title='bbox 594 1751 697 1812; x_wconf 88' lang='lat' dir='ltr'>potioris.</span> <span class='ocrx_word' id='word_1_115' title='bbox 704 1749 796 1809; x_wconf 79' lang='lat' dir='ltr'>adflicta</span> <span class='ocrx_word' id='word_1_116' title='bbox 806 1750 872 1794; x_wconf 86' lang='lat' dir='ltr'>Rom.</span> <span class='ocrx_word' id='word_1_117' title='bbox 884 1748 956 1796; x_wconf 89' lang='lat' dir='ltr'>etalii</span> <span class='ocrx_word' id='word_1_118' title='bbox 965 1750 1118 1810; x_wconf 73' lang='lat' dir='ltr'>Pier-aplt&#39;ctu</span> <span class='ocrx_word' id='word_1_119' title='bbox 1126 1749 1215 1796; x_wconf 83' lang='lat' dir='ltr'>Medic.</span> 
     </span>
     <span class='ocr_line' id='line_1_16' title="bbox 173 1818 1219 1886; baseline -0.005 -18"><span class='ocrx_word' id='word_1_120' title='bbox 173 1822 260 1886; x_wconf 80' lang='lat' dir='ltr'>afflictu</span> <span class='ocrx_word' id='word_1_121' title='bbox 276 1819 405 1876; x_wconf 87' lang='lat' dir='ltr'>Montalb.,</span> <span class='ocrx_word' id='word_1_122' title='bbox 423 1819 488 1882; x_wconf 91' lang='lat' dir='ltr'>quod</span> <span class='ocrx_word' id='word_1_123' title='bbox 506 1836 517 1864; x_wconf 90' lang='lat' dir='ltr'>a</span> <span class='ocrx_word' id='word_1_124' title='bbox 537 1821 655 1879; x_wconf 77' lang='lat' dir='ltr'>Naugerio</span> <span class='ocrx_word' id='word_1_125' title='bbox 672 1821 697 1864; x_wconf 91' lang='lat' dir='ltr'>in</span> <span class='ocrx_word' id='word_1_126' title='bbox 708 1818 761 1863; x_wconf 80' lang='lat' dir='ltr'>Ald.</span> <span class='ocrx_word' id='word_1_127' title='bbox 779 1830 832 1864; x_wconf 86' lang='lat' dir='ltr'>tert.</span> <span class='ocrx_word' id='word_1_128' title='bbox 851 1819 988 1875; x_wconf 83' lang='lat' dir='ltr'>admissum,</span> <span class='ocrx_word' id='word_1_129' title='bbox 1005 1833 1134 1882; x_wconf 80' lang='lat' dir='ltr'>perperam.</span> <span class='ocrx_word' id='word_1_130' title='bbox 1148 1820 1219 1880; x_wconf 80' lang='lat' dir='ltr'>flictu</span> 
     </span>
     <span class='ocr_line' id='line_1_17' title="bbox 173 1888 1218 1952; baseline -0.004 -12"><span class='ocrx_word' id='word_1_131' title='bbox 173 1892 237 1940; x_wconf 91' lang='lat' dir='ltr'>haud</span> <span class='ocrx_word' id='word_1_132' title='bbox 250 1891 321 1937; x_wconf 87' lang='lat' dir='ltr'>dubie</span> <span class='ocrx_word' id='word_1_133' title='bbox 332 1900 401 1952; x_wconf 88' lang='lat' dir='ltr'>poeta</span> <span class='ocrx_word' id='word_1_134' title='bbox 408 1889 498 1946; x_wconf 88' lang='lat' dir='ltr'>maluit,</span> <span class='ocrx_word' id='word_1_135' title='bbox 506 1891 594 1952; x_wconf 91' lang='lat' dir='ltr'>quippe</span> <span class='ocrx_word' id='word_1_136' title='bbox 604 1888 696 1934; x_wconf 79' lang='lat' dir='ltr'>doctius</span> <span class='ocrx_word' id='word_1_137' title='bbox 707 1888 803 1935; x_wconf 85' lang='lat' dir='ltr'>dictum.</span> <span class='ocrx_word' id='word_1_138' title='bbox 814 1891 873 1935; x_wconf 84' lang='lat' dir='ltr'>Sunt</span> <span class='ocrx_word' id='word_1_139' title='bbox 884 1891 952 1935; x_wconf 87' lang='lat' dir='ltr'>etiam</span> <span class='ocrx_word' id='word_1_140' title='bbox 962 1889 1045 1946; x_wconf 79' lang='lat' dir='ltr'>codd,</span> <span class='ocrx_word' id='word_1_141' title='bbox 1057 1891 1098 1952; x_wconf 89' lang='lat' dir='ltr'>qui</span> <span class='ocrx_word' id='word_1_142' title='bbox 1104 1891 1171 1951; x_wconf 72' lang='lat' dir='ltr'>flbtu</span> <span class='ocrx_word' id='word_1_143' title='bbox 1181 1902 1218 1936; x_wconf 90' lang='lat' dir='ltr'>te·</span> 
     </span>
     <span class='ocr_line' id='line_1_18' title="bbox 174 1958 1218 2024; baseline -0.003 -16"><span class='ocrx_word' id='word_1_144' title='bbox 174 1974 233 2008; x_wconf 83' lang='lat' dir='ltr'>nent</span> <span class='ocrx_word' id='word_1_145' title='bbox 242 1977 279 2023; x_wconf 93' lang='lat' dir='ltr'>ap.</span> <span class='ocrx_word' id='word_1_146' title='bbox 290 1960 369 2006; x_wconf 84' lang='lat' dir='ltr'>Heius.</span> <span class='ocrx_word' id='word_1_147' title='bbox 375 1959 451 2020; x_wconf 77' lang='lat' dir='ltr'>fluctu</span> <span class='ocrx_word' id='word_1_148' title='bbox 463 1971 509 2006; x_wconf 85' lang='lat' dir='ltr'>tres</span> <span class='ocrx_word' id='word_1_149' title='bbox 518 1960 596 2004; x_wconf 81' lang='lat' dir='ltr'>burm.</span> <span class='ocrx_word' id='word_1_150' title='bbox 607 1974 660 2004; x_wconf 91' lang='lat' dir='ltr'>cum</span> <span class='ocrx_word' id='word_1_151' title='bbox 670 1958 739 2004; x_wconf 87' lang='lat' dir='ltr'>Goth.</span> <span class='ocrx_word' id='word_1_152' title='bbox 749 1975 785 2022; x_wconf 88' lang='lat' dir='ltr'>pr.</span> <span class='ocrx_word' id='word_1_153' title='bbox 797 1971 820 2006; x_wconf 82' lang='lat' dir='ltr'>et</span> <span class='ocrx_word' id='word_1_154' title='bbox 829 1972 882 2006; x_wconf 86' lang='lat' dir='ltr'>tert.</span> <span class='ocrx_word' id='word_1_155' title='bbox 891 1959 961 2024; x_wconf 75' lang='lat' dir='ltr'>quiete</span> <span class='ocrx_word' id='word_1_156' title='bbox 967 1961 1034 2021; x_wconf 75' lang='lat' dir='ltr'>flictu</span> <span class='ocrx_word' id='word_1_157' title='bbox 1044 1959 1133 2024; x_wconf 81' lang='lat' dir='ltr'>aliquot</span> <span class='ocrx_word' id='word_1_158' title='bbox 1142 1962 1204 2006; x_wconf 84' lang='lat' dir='ltr'>Pier.</span> <span class='ocrx_word' id='word_1_159' title='bbox 1210 1994 1218 2016; x_wconf 88' lang='lat'>,</span> 
     </span>
     <span class='ocr_line' id='line_1_19' title="bbox 171 2031 1219 2096; baseline -0.003 -15"><span class='ocrx_word' id='word_1_160' title='bbox 171 2034 239 2082; x_wconf 80' lang='lat' dir='ltr'>idem</span> <span class='ocrx_word' id='word_1_161' title='bbox 255 2031 313 2078; x_wconf 89' lang='lat' dir='ltr'>ordo</span> <span class='ocrx_word' id='word_1_162' title='bbox 331 2034 356 2076; x_wconf 89' lang='lat' dir='ltr'>in</span> <span class='ocrx_word' id='word_1_163' title='bbox 374 2031 443 2077; x_wconf 84' lang='lat' dir='ltr'>Goth.</span> <span class='ocrx_word' id='word_1_164' title='bbox 456 2047 492 2093; x_wconf 92' lang='lat' dir='ltr'>pr.</span> <span class='ocrx_word' id='word_1_165' title='bbox 506 2044 529 2078; x_wconf 90' lang='lat' dir='ltr'>et</span> <span class='ocrx_word' id='word_1_166' title='bbox 543 2043 595 2078; x_wconf 88' lang='lat' dir='ltr'>tert.</span> <span class='ocrx_word' id='word_1_167' title='bbox 610 2032 719 2078; x_wconf 85' lang='lat' dir='ltr'>Ceterum</span> <span class='ocrx_word' id='word_1_168' title='bbox 737 2031 836 2078; x_wconf 88' lang='lat' dir='ltr'>alterum</span> <span class='ocrx_word' id='word_1_169' title='bbox 849 2047 929 2078; x_wconf 83' lang='lat' dir='ltr'>versus</span> <span class='ocrx_word' id='word_1_170' title='bbox 941 2031 1129 2078; x_wconf 87' lang='lat' dir='ltr'>hemistichium:</span> <span class='ocrx_word' id='word_1_171' title='bbox 1142 2047 1219 2096; x_wconf 75' lang='lat' dir='ltr'>puqnu</span> 
     </span>
     <span class='ocr_line' id='line_1_20' title="bbox 174 2102 1221 2169; baseline -0.002 -17"><span class='ocrx_word' id='word_1_172' title='bbox 174 2122 256 2169; x_wconf 82' lang='lat' dir='ltr'>aspera</span> <span class='ocrx_word' id='word_1_173' title='bbox 265 2109 338 2168; x_wconf 74' lang='lat' dir='ltr'>surqit</span> <span class='ocrx_word' id='word_1_174' title='bbox 348 2120 426 2151; x_wconf 85' lang='lat' dir='ltr'>meum</span> <span class='ocrx_word' id='word_1_175' title='bbox 437 2104 532 2165; x_wconf 86' lang='lat' dir='ltr'>quidem</span> <span class='ocrx_word' id='word_1_176' title='bbox 540 2103 570 2149; x_wconf 92' lang='lat' dir='ltr'>ad</span> <span class='ocrx_word' id='word_1_177' title='bbox 576 2119 669 2150; x_wconf 84' lang='lat' dir='ltr'>sensum</span> <span class='ocrx_word' id='word_1_178' title='bbox 682 2116 705 2149; x_wconf 88' lang='lat' dir='ltr'>et</span> <span class='ocrx_word' id='word_1_179' title='bbox 715 2102 835 2166; x_wconf 69' lang='lat' dir='ltr'>languere,</span> <span class='ocrx_word' id='word_1_180' title='bbox 844 2116 866 2150; x_wconf 85' lang='lat' dir='ltr'>et</span> <span class='ocrx_word' id='word_1_181' title='bbox 873 2107 992 2151; x_wconf 72' lang='lat' dir='ltr'>sententiae</span> <span class='ocrx_word' id='word_1_182' title='bbox 1000 2106 1133 2166; x_wconf 85' lang='lat' dir='ltr'>juncturam</span> <span class='ocrx_word' id='word_1_183' title='bbox 1144 2104 1221 2150; x_wconf 82' lang='lat' dir='ltr'>inten-</span> 
     </span>
     <span class='ocr_line' id='line_1_21' title="bbox 175 2173 1219 2239; baseline -0.005 -16"><span class='ocrx_word' id='word_1_184' title='bbox 175 2180 254 2239; x_wconf 83' lang='lat' dir='ltr'>cipere</span> <span class='ocrx_word' id='word_1_185' title='bbox 266 2177 366 2223; x_wconf 87' lang='lat' dir='ltr'>videtur.</span> <span class='ocrx_word' id='word_1_186' title='bbox 381 2176 527 2235; x_wconf 87' lang='lat' dir='ltr'>Comparatio</span> <span class='ocrx_word' id='word_1_187' title='bbox 541 2176 603 2220; x_wconf 87' lang='lat' dir='ltr'>euim</span> <span class='ocrx_word' id='word_1_188' title='bbox 615 2174 640 2219; x_wconf 85' lang='lat' dir='ltr'>lit</span> <span class='ocrx_word' id='word_1_189' title='bbox 651 2177 713 2220; x_wconf 85' lang='lat' dir='ltr'>inter</span> <span class='ocrx_word' id='word_1_190' title='bbox 725 2174 765 2220; x_wconf 88' lang='lat' dir='ltr'>illa</span> <span class='ocrx_word' id='word_1_191' title='bbox 776 2192 781 2220; x_wconf 71' lang='grc' dir='ltr'><em>τ</em></span> <span class='ocrx_word' id='word_1_192' title='bbox 796 2177 907 2220; x_wconf 69' lang='lat' dir='ltr'>senuaar</span> <span class='ocrx_word' id='word_1_193' title='bbox 915 2192 936 2221; x_wconf 89' lang='grc'>6.</span> <span class='ocrx_word' id='word_1_194' title='bbox 948 2193 967 2222; x_wconf 83' lang='lat' dir='ltr'>s.</span> <span class='ocrx_word' id='word_1_195' title='bbox 981 2185 1027 2221; x_wconf 84' lang='lat' dir='ltr'>tum</span> <span class='ocrx_word' id='word_1_196' title='bbox 1038 2183 1109 2220; x_wconf 73' lang='lat' dir='ltr'>scuta</span> <span class='ocrx_word' id='word_1_197' title='bbox 1122 2199 1153 2210; x_wconf 98' lang='lat'>-</span> <span class='ocrx_word' id='word_1_198' title='bbox 1164 2173 1219 2220; x_wconf 84' lang='lat'>668.</span> 
     </span>
    </p>
   </div>
   <div class='ocr_carea' id='block_1_4' title="bbox 175 2241 1221 2359">
    <p class='ocr_par' dir='ltr' id='par_1_12' title="bbox 175 2241 1221 2359">
     <span class='ocr_line' id='line_1_22' title="bbox 175 2241 1221 2357; baseline -0.001 -65"><span class='ocrx_word' id='word_1_199' title='bbox 175 2260 257 2357; x_wconf 82' lang='lat' dir='ltr'>occqsu</span> <span class='ocrx_word' id='word_1_200' title='bbox 272 2242 310 2292; x_wconf 80' lang='lat' dir='ltr'>vel</span> <span class='ocrx_word' id='word_1_201' title='bbox 323 2245 411 2290; x_wconf 82' lang='lat' dir='ltr'>Oceano</span> <span class='ocrx_word' id='word_1_202' title='bbox 426 2242 515 2288; x_wconf 78' lang='lat' dir='ltr'>zulich.</span> <span class='ocrx_word' id='word_1_203' title='bbox 529 2241 624 2306; x_wconf 70' lang='lat' dir='ltr'>plausui.</span> <span class='ocrx_word' id='word_1_204' title='bbox 642 2241 715 2290; x_wconf 73' lang='lat' dir='ltr'>herbe</span> <span class='ocrx_word' id='word_1_205' title='bbox 730 2245 796 2290; x_wconf 78' lang='lat' dir='ltr'>llum.</span> <span class='ocrx_word' id='word_1_206' title='bbox 811 2269 842 2281; x_wconf 95' lang='lat'><em>-</em></span> <span class='ocrx_word' id='word_1_207' title='bbox 853 2245 906 2305; x_wconf 82' lang='lat'>669.</span> <span class='ocrx_word' id='word_1_208' title='bbox 922 2260 991 2308; x_wconf 82' lang='lat' dir='ltr'>quum</span> <span class='ocrx_word' id='word_1_209' title='bbox 1006 2242 1073 2289; x_wconf 76' lang='lat' dir='ltr'>multi</span> <span class='ocrx_word' id='word_1_210' title='bbox 1084 2243 1122 2289; x_wconf 83' lang='lat' dir='ltr'>ed.</span> <span class='ocrx_word' id='word_1_211' title='bbox 1134 2244 1162 2288; x_wconf 78' lang='lat' dir='ltr'>P:</span> <span class='ocrx_word' id='word_1_212' title='bbox 1172 2246 1221 2290; x_wconf 86' lang='lat' dir='ltr'>Da·</span> 
     </span>
     <span class='ocr_line' id='line_1_23' title="bbox 178 2327 256 2359; baseline -0.038 0"><span class='ocrx_word' id='word_1_213' title='bbox 178 2327 218 2359; x_wconf 84' lang='lat' dir='ltr'>me</span> <span class='ocrx_word' id='word_1_214' title='bbox 229 2328 256 2358; x_wconf 83' lang='lat' dir='ltr'>u.</span> 
     </span>
    </p>
   </div>
   <div class='ocr_carea' id='block_1_5' title="bbox 178 2467 1228 2939">
    <p class='ocr_par' dir='ltr' id='par_1_13' title="bbox 178 2467 1228 2939">
     <span class='ocr_line' id='line_1_24' title="bbox 179 2467 1222 2546; baseline 0.001 -25"><span class='ocrx_word' id='word_1_215' title='bbox 179 2486 227 2531; x_wconf 82' lang='lat' dir='ltr'>su,</span> <span class='ocrx_word' id='word_1_216' title='bbox 240 2467 356 2519; x_wconf 78' lang='lat' dir='ltr'>divinam</span> <span class='ocrx_word' id='word_1_217' title='bbox 368 2470 480 2522; x_wconf 86' lang='lat' dir='ltr'>formam</span> <span class='ocrx_word' id='word_1_218' title='bbox 493 2470 589 2540; x_wconf 82' lang='lat' dir='ltr'>Apollo</span> <span class='ocrx_word' id='word_1_219' title='bbox 602 2490 675 2524; x_wconf 87' lang='lat' dir='ltr'>rece·</span> <span class='ocrx_word' id='word_1_220' title='bbox 721 2473 776 2546; x_wconf 73' lang='lat' dir='ltr'>peis</span> <span class='ocrx_word' id='word_1_221' title='bbox 783 2491 887 2543; x_wconf 83' lang='lat' dir='ltr'>campus</span> <span class='ocrx_word' id='word_1_222' title='bbox 895 2470 1013 2544; x_wconf 82' lang='lat' dir='ltr'>splendet</span> <span class='ocrx_word' id='word_1_223' title='bbox 1019 2482 1044 2522; x_wconf 87' lang='lat' dir='ltr'>et</span> <span class='ocrx_word' id='word_1_224' title='bbox 1053 2470 1146 2522; x_wconf 83' lang='lat' dir='ltr'>horret.</span> <span class='ocrx_word' id='word_1_225' title='bbox 1152 2471 1222 2522; x_wconf 86' lang='lat' dir='ltr'>Tum</span> 
     </span>
     <span class='ocr_line' id='line_1_25' title="bbox 178 2546 1223 2620; baseline 0.004 -23"><span class='ocrx_word' id='word_1_226' title='bbox 178 2558 272 2617; x_wconf 88' lang='lat' dir='ltr'>perat;</span> <span class='ocrx_word' id='word_1_227' title='bbox 294 2546 442 2600; x_wconf 85' lang='lat' dir='ltr'>adsciverat</span> <span class='ocrx_word' id='word_1_228' title='bbox 465 2548 627 2615; x_wconf 87' lang='lat' dir='ltr'>humanam,</span> <span class='ocrx_word' id='word_1_229' title='bbox 646 2563 676 2600; x_wconf 89' lang='lat' dir='ltr'>ut</span> <span class='ocrx_word' id='word_1_230' title='bbox 726 2551 771 2604; x_wconf 92' lang='lat' dir='ltr'>alii</span> <span class='ocrx_word' id='word_1_231' title='bbox 783 2571 814 2604; x_wconf 84' lang='lat' dir='ltr'>ex</span> <span class='ocrx_word' id='word_1_232' title='bbox 827 2550 922 2602; x_wconf 82' lang='lat' dir='ltr'>Annal.</span> <span class='ocrx_word' id='word_1_233' title='bbox 940 2552 976 2601; x_wconf 86' lang='lat' dir='ltr'>XI</span> <span class='ocrx_word' id='word_1_234' title='bbox 994 2551 1060 2601; x_wconf 88' lang='lat' dir='ltr'>Tum</span> <span class='ocrx_word' id='word_1_235' title='bbox 1073 2547 1162 2620; x_wconf 85' lang='lat' dir='ltr'>clupei</span> <span class='ocrx_word' id='word_1_236' title='bbox 1181 2567 1223 2601; x_wconf 81' lang='lat' dir='ltr'>re-</span> 
     </span>
     <span class='ocr_line' id='line_1_26' title="bbox 180 2625 1222 2700; baseline 0.003 -24"><span class='ocrx_word' id='word_1_237' title='bbox 180 2641 240 2676; x_wconf 89' lang='lat' dir='ltr'>cum</span> <span class='ocrx_word' id='word_1_238' title='bbox 259 2625 365 2676; x_wconf 86' lang='lat' dir='ltr'>mortali</span> <span class='ocrx_word' id='word_1_239' title='bbox 385 2645 462 2698; x_wconf 81' lang='lat' dir='ltr'>agere</span> <span class='ocrx_word' id='word_1_240' title='bbox 483 2640 580 2697; x_wconf 88' lang='lat' dir='ltr'>posset.</span> <span class='ocrx_word' id='word_1_241' title='bbox 604 2630 674 2680; x_wconf 80' lang='lat' dir='ltr'>conf.</span> <span class='ocrx_word' id='word_1_242' title='bbox 725 2641 835 2691; x_wconf 84' lang='lat' dir='ltr'>sonant,·</span> <span class='ocrx_word' id='word_1_243' title='bbox 853 2642 879 2681; x_wconf 86' lang='lat' dir='ltr'>et</span> <span class='ocrx_word' id='word_1_244' title='bbox 893 2629 978 2700; x_wconf 81' lang='lat' dir='ltr'>ferrei</span> <span class='ocrx_word' id='word_1_245' title='bbox 997 2629 1086 2681; x_wconf 80' lang='lat' dir='ltr'>stridet</span> <span class='ocrx_word' id='word_1_246' title='bbox 1100 2646 1222 2680; x_wconf 85' lang='lat' dir='ltr'>acumen.</span> 
     </span>
     <span class='ocr_line' id='line_1_27' title="bbox 179 2701 1223 2779; baseline 0.004 -25"><span class='ocrx_word' id='word_1_247' title='bbox 179 2701 286 2754; x_wconf 84' lang='lat' dir='ltr'>Excurs.</span> <span class='ocrx_word' id='word_1_248' title='bbox 299 2705 310 2753; x_wconf 97' lang='lat' dir='ltr'>l</span> <span class='ocrx_word' id='word_1_249' title='bbox 323 2704 358 2755; x_wconf 91' lang='lat' dir='ltr'>ad</span> <span class='ocrx_word' id='word_1_250' title='bbox 369 2723 406 2756; x_wconf 88' lang='lat' dir='ltr'>vs.</span> <span class='ocrx_word' id='word_1_251' title='bbox 418 2706 478 2758; x_wconf 88' lang='lat'>638.</span> <span class='ocrx_word' id='word_1_252' title='bbox 489 2709 570 2757; x_wconf 87' lang='lat' dir='ltr'>Porro</span> <span class='ocrx_word' id='word_1_253' title='bbox 583 2709 676 2760; x_wconf 74' lang='lat' dir='ltr'>referri</span> <span class='ocrx_word' id='word_1_254' title='bbox 727 2711 799 2761; x_wconf 83' lang='lat' dir='ltr'>conf.</span> <span class='ocrx_word' id='word_1_255' title='bbox 807 2710 856 2760; x_wconf 86' lang='lat' dir='ltr'>inf.</span> <span class='ocrx_word' id='word_1_256' title='bbox 864 2728 889 2760; x_wconf 83' lang='lat' dir='ltr'>v.</span> <span class='ocrx_word' id='word_1_257' title='bbox 900 2711 951 2778; x_wconf 78' lang='lat'>809</span> <span class='ocrx_word' id='word_1_258' title='bbox 959 2721 984 2761; x_wconf 87' lang='lat' dir='ltr'>et</span> <span class='ocrx_word' id='word_1_259' title='bbox 992 2707 1067 2760; x_wconf 90' lang='lat' dir='ltr'>lliad.</span> <span class='ocrx_word' id='word_1_260' title='bbox 1075 2727 1109 2773; x_wconf 83' lang='grc' dir='ltr'>μ,</span> <span class='ocrx_word' id='word_1_261' title='bbox 1125 2708 1223 2779; x_wconf 75' lang='lat' dir='ltr'>rbosq.</span> 
     </span>
     <span class='ocr_line' id='line_1_28' title="bbox 180 2783 1228 2860; baseline 0.003 -23"><span class='ocrx_word' id='word_1_262' title='bbox 180 2783 376 2855; x_wconf 77' lang='lat' dir='ltr'>ridosfonnam</span> <span class='ocrx_word' id='word_1_263' title='bbox 384 2785 501 2837; x_wconf 81' lang='lat' dir='ltr'>diuinam</span> <span class='ocrx_word' id='word_1_264' title='bbox 510 2786 544 2840; x_wconf 91' lang='lat' dir='ltr'>ad</span> <span class='ocrx_word' id='word_1_265' title='bbox 553 2807 612 2839; x_wconf 87' lang='lat' dir='ltr'>eam</span> <span class='ocrx_word' id='word_1_266' title='bbox 621 2807 679 2859; x_wconf 88' lang='lat' dir='ltr'>spe·</span> <span class='ocrx_word' id='word_1_267' title='bbox 762 2790 814 2844; x_wconf 88' lang='grc'>668</span> <span class='ocrx_word' id='word_1_268' title='bbox 822 2790 995 2860; x_wconf 78' lang='lat' dir='ltr'>seq.0ruavit</span> <span class='ocrx_word' id='word_1_269' title='bbox 1002 2789 1156 2841; x_wconf 85' lang='lat' dir='ltr'>Homericos</span> <span class='ocrx_word' id='word_1_270' title='bbox 1166 2807 1228 2840; x_wconf 84' lang='lat' dir='ltr'>ver·</span> 
     </span>
     <span class='ocr_line' id='line_1_29' title="bbox 183 2866 1228 2939; baseline 0.003 -24"><span class='ocrx_word' id='word_1_271' title='bbox 183 2867 266 2929; x_wconf 91' lang='lat' dir='ltr'>ciem,</span> <span class='ocrx_word' id='word_1_272' title='bbox 281 2883 334 2934; x_wconf 91' lang='lat' dir='ltr'>qua</span> <span class='ocrx_word' id='word_1_273' title='bbox 345 2867 419 2938; x_wconf 79' lang='lat' dir='ltr'>signa</span> <span class='ocrx_word' id='word_1_274' title='bbox 432 2866 475 2918; x_wconf 92' lang='lat' dir='ltr'>dei</span> <span class='ocrx_word' id='word_1_275' title='bbox 488 2867 521 2918; x_wconf 87' lang='lat' dir='ltr'>ab</span> <span class='ocrx_word' id='word_1_276' title='bbox 535 2879 590 2920; x_wconf 87' lang='lat' dir='ltr'>arte</span> <span class='ocrx_word' id='word_1_277' title='bbox 605 2868 679 2919; x_wconf 82' lang='lat' dir='ltr'>cxlii-</span> <span class='ocrx_word' id='word_1_278' title='bbox 729 2888 772 2922; x_wconf 90' lang='lat' dir='ltr'>sus</span> <span class='ocrx_word' id='word_1_279' title='bbox 782 2869 897 2935; x_wconf 68' lang='lat' dir='ltr'>Iliadp,</span> <span class='ocrx_word' id='word_1_280' title='bbox 914 2869 1058 2922; x_wconf 84' lang='lat'>156-161.</span> <span class='ocrx_word' id='word_1_281' title='bbox 1068 2868 1157 2921; x_wconf 75' lang='lat' dir='ltr'>Haedis</span> <span class='ocrx_word' id='word_1_282' title='bbox 1164 2868 1228 2939; x_wconf 85' lang='lat' dir='ltr'>plu-</span> 
     </span>
    </p>
   </div>
   <div class='ocr_carea' id='block_1_6' title="bbox 87 2942 1229 3021">
    <p class='ocr_par' dir='ltr' id='par_1_14' title="bbox 87 2942 1229 3021">
     <span class='ocr_line' id='line_1_30' title="bbox 87 2942 1229 3021; baseline 0.004 -26"><span class='ocrx_word' id='word_1_283' title='bbox 87 2991 97 3004; x_wconf 74' lang='lat'>,</span> <span class='ocrx_word' id='word_1_284' title='bbox 181 2942 329 2996; x_wconf 86' lang='lat' dir='ltr'>hehantur:</span> <span class='ocrx_word' id='word_1_285' title='bbox 343 2946 379 2996; x_wconf 88' lang='lat' dir='ltr'>ita</span> <span class='ocrx_word' id='word_1_286' title='bbox 391 2946 578 3017; x_wconf 82' lang='lat' dir='ltr'>utApollinem</span> <span class='ocrx_word' id='word_1_287' title='bbox 586 2966 618 2998; x_wconf 90' lang='lat' dir='ltr'>ea</span> <span class='ocrx_word' id='word_1_288' title='bbox 626 2949 680 2998; x_wconf 90' lang='lat' dir='ltr'>oris</span> <span class='ocrx_word' id='word_1_289' title='bbox 730 2949 859 3009; x_wconf 63' lang='lat' dir='ltr'>nulibus,-</span> <span class='ocrx_word' id='word_1_290' title='bbox 874 2963 985 3021; x_wconf 86' lang='lat' dir='ltr'>propter</span> <span class='ocrx_word' id='word_1_291' title='bbox 1000 2948 1098 3001; x_wconf 87' lang='lat' dir='ltr'>haedos.</span> <span class='ocrx_word' id='word_1_292' title='bbox 1116 2950 1186 3001; x_wconf 87' lang='lat' dir='ltr'>Bene</span> <span class='ocrx_word' id='word_1_293' title='bbox 1202 2961 1229 3000; x_wconf 86' lang='lat' dir='ltr'>et</span> 
     </span>
    </p>
   </div>
   <div class='ocr_carea' id='block_1_7' title="bbox 182 3021 1231 3182">
    <p class='ocr_par' dir='ltr' id='par_1_15' title="bbox 182 3021 1231 3182">
     <span class='ocr_line' id='line_1_31' title="bbox 182 3021 1231 3100; baseline 0.006 -26"><span class='ocrx_word' id='word_1_294' title='bbox 182 3021 397 3094; x_wconf 83' lang='lat' dir='ltr'>pulchritudine,</span> <span class='ocrx_word' id='word_1_295' title='bbox 418 3038 445 3076; x_wconf 87' lang='lat' dir='ltr'>et</span> <span class='ocrx_word' id='word_1_296' title='bbox 464 3044 495 3076; x_wconf 92' lang='lat' dir='ltr'>eo</span> <span class='ocrx_word' id='word_1_297' title='bbox 511 3025 605 3077; x_wconf 87' lang='lat' dir='ltr'>habitu</span> <span class='ocrx_word' id='word_1_298' title='bbox 624 3045 681 3079; x_wconf 86' lang='lat' dir='ltr'>esse</span> <span class='ocrx_word' id='word_1_299' title='bbox 731 3030 802 3082; x_wconf 85' lang='lat' dir='ltr'>clare</span> <span class='ocrx_word' id='word_1_300' title='bbox 819 3028 939 3082; x_wconf 81' lang='lat' dir='ltr'>Servius:</span> <span class='ocrx_word' id='word_1_301' title='bbox 955 3029 1063 3100; x_wconf 80' lang='lat' dir='ltr'>«Supra</span> <span class='ocrx_word' id='word_1_302' title='bbox 1076 3027 1157 3080; x_wconf 86' lang='lat' dir='ltr'>Tauri</span> <span class='ocrx_word' id='word_1_303' title='bbox 1171 3045 1231 3078; x_wconf 61' lang='lat' dir='ltr'>con</span> 
     </span>
     <span class='ocr_line' id='line_1_32' title="bbox 183 3103 1231 3182; baseline 0.003 -29"><span class='ocrx_word' id='word_1_304' title='bbox 183 3103 340 3172; x_wconf 84' lang='lat' dir='ltr'>crederent,</span> <span class='ocrx_word' id='word_1_305' title='bbox 360 3124 414 3176; x_wconf 91' lang='lat' dir='ltr'>quo</span> <span class='ocrx_word' id='word_1_306' title='bbox 433 3104 565 3158; x_wconf 82' lang='lat' dir='ltr'>exhibitus</span> <span class='ocrx_word' id='word_1_307' title='bbox 582 3119 650 3158; x_wconf 86' lang='lat' dir='ltr'>esset</span> <span class='ocrx_word' id='word_1_308' title='bbox 666 3126 682 3158; x_wconf 91' lang='lat' dir='ltr'>a</span> <span class='ocrx_word' id='word_1_309' title='bbox 731 3129 785 3162; x_wconf 87' lang='lat' dir='ltr'>uua</span> <span class='ocrx_word' id='word_1_310' title='bbox 797 3125 836 3162; x_wconf 86' lang='lat' dir='ltr'>est</span> <span class='ocrx_word' id='word_1_311' title='bbox 846 3112 964 3182; x_wconf 79' lang='lat' dir='ltr'>signum,</span> <span class='ocrx_word' id='word_1_312' title='bbox 975 3111 1017 3162; x_wconf 90' lang='lat' dir='ltr'>cui</span> <span class='ocrx_word' id='word_1_313' title='bbox 1028 3110 1125 3179; x_wconf 73' lang='lat' dir='ltr'>Auriga</span> <span class='ocrx_word' id='word_1_314' title='bbox 1133 3124 1231 3158; x_wconf 85' lang='lat' dir='ltr'>nomeu</span> 
     </span>
    </p>
   </div>
   <div class='ocr_carea' id='block_1_8' title="bbox 184 3181 1230 3252">
    <p class='ocr_par' dir='ltr' id='par_1_16' title="bbox 184 3181 1230 3252">
     <span class='ocr_line' id='line_1_33' title="bbox 184 3181 1230 3252; baseline -0.015 0"><span class='ocrx_word' id='word_1_315' title='bbox 184 3181 285 3252; x_wconf 68' lang='lat' dir='ltr'>3⁰⁰P³r</span> <span class='ocrx_word' id='word_1_316' title='bbox 296 3185 338 3236; x_wconf 85' lang='lat' dir='ltr'>vel</span> <span class='ocrx_word' id='word_1_317' title='bbox 350 3184 487 3237; x_wconf 80' lang='lat' dir='ltr'>Praxitele.</span> <span class='ocrx_word' id='word_1_318' title='bbox 733 3203 780 3242; x_wconf 89' lang='lat' dir='ltr'>est.</span> <span class='ocrx_word' id='word_1_319' title='bbox 793 3191 898 3241; x_wconf 84' lang='lat' dir='ltr'>Retinet</span> <span class='ocrx_word' id='word_1_320' title='bbox 913 3202 1000 3241; x_wconf 90' lang='lat' dir='ltr'>autem</span> <span class='ocrx_word' id='word_1_321' title='bbox 1017 3185 1105 3238; x_wconf 80' lang='lat' dir='ltr'>stellas</span> <span class='ocrx_word' id='word_1_322' title='bbox 1123 3184 1189 3235; x_wconf 85' lang='lat' dir='ltr'>duas</span> <span class='ocrx_word' id='word_1_323' title='bbox 1201 3185 1230 3236; x_wconf 91' lang='lat' dir='ltr'>in</span> 
     </span>
    </p>
   </div>
   <div class='ocr_carea' id='block_1_9' title="bbox 221 3261 684 3335">
    <p class='ocr_par' dir='ltr' id='par_1_17' title="bbox 221 3261 684 3335">
     <span class='ocr_line' id='line_1_34' title="bbox 221 3261 684 3335; baseline 0.009 -23"><span class='ocrx_word' id='word_1_324' title='bbox 221 3261 281 3312; x_wconf 85' lang='lat'>661.</span> <span class='ocrx_word' id='word_1_325' title='bbox 295 3281 393 3314; x_wconf 87' lang='lat' dir='ltr'>numen</span> <span class='ocrx_word' id='word_1_326' title='bbox 406 3263 557 3315; x_wconf 86' lang='lat' dir='ltr'>declaratur</span> <span class='ocrx_word' id='word_1_327' title='bbox 569 3282 617 3335; x_wconf 89' lang='lat' dir='ltr'>per</span> <span class='ocrx_word' id='word_1_328' title='bbox 630 3265 684 3316; x_wconf 83' lang='lat' dir='ltr'>dic-</span> 
     </span>
    </p>
   </div>
   <div class='ocr_carea' id='block_1_10' title="bbox 105 3340 686 3408">
    <p class='ocr_par' dir='ltr' id='par_1_18' title="bbox 105 3340 686 3408">
     <span class='ocr_line' id='line_1_35' title="bbox 105 3340 686 3408; baseline 0.012 -20"><span class='ocrx_word' id='word_1_329' title='bbox 105 3389 107 3394; x_wconf 72' lang='lat'>,</span> <span class='ocrx_word' id='word_1_330' title='bbox 187 3350 214 3389; x_wconf 84' lang='lat' dir='ltr'>ta</span> <span class='ocrx_word' id='word_1_331' title='bbox 225 3359 232 3386; x_wconf 89' lang='lat'>:</span> <span class='ocrx_word' id='word_1_332' title='bbox 243 3340 333 3406; x_wconf 87' lang='lat' dir='ltr'>jussa,</span> <span class='ocrx_word' id='word_1_333' title='bbox 346 3343 499 3393; x_wconf 89' lang='lat' dir='ltr'>auctoritas.</span> <span class='ocrx_word' id='word_1_334' title='bbox 509 3371 545 3381; x_wconf 94' lang='lat'>--</span> <span class='ocrx_word' id='word_1_335' title='bbox 554 3342 614 3408; x_wconf 73' lang='lat'>664.</span> <span class='ocrx_word' id='word_1_336' title='bbox 626 3344 686 3395; x_wconf 76' lang='lat' dir='ltr'>totis</span> 
     </span>
    </p>
   </div>
   <div class='ocr_carea' id='block_1_11' title="bbox 185 3411 692 3961">
    <p class='ocr_par' dir='ltr' id='par_1_19' title="bbox 185 3411 692 3961">
     <span class='ocr_line' id='line_1_36' title="bbox 185 3411 687 3491; baseline 0.016 -25"><span class='ocrx_word' id='word_1_337' title='bbox 185 3411 234 3488; x_wconf 77' lang='lat' dir='ltr'>per</span> <span class='ocrx_word' id='word_1_338' title='bbox 242 3416 444 3488; x_wconf 71' lang='lat' dir='ltr'>propupnacula</span> <span class='ocrx_word' id='word_1_339' title='bbox 458 3422 553 3486; x_wconf 77' lang='lat' dir='ltr'>muris,</span> <span class='ocrx_word' id='word_1_340' title='bbox 568 3441 616 3491; x_wconf 87' lang='lat' dir='ltr'>per</span> <span class='ocrx_word' id='word_1_341' title='bbox 626 3421 687 3474; x_wconf 89' lang='lat' dir='ltr'>loca</span> 
     </span>
     <span class='ocr_line' id='line_1_37' title="bbox 187 3499 684 3572; baseline 0.008 -26"><span class='ocrx_word' id='word_1_342' title='bbox 187 3515 241 3546; x_wconf 79' lang='lat' dir='ltr'>mr..</span> <span class='ocrx_word' id='word_1_343' title='bbox 249 3513 339 3560; x_wconf 80' lang='lat' dir='ltr'>orum,</span> <span class='ocrx_word' id='word_1_344' title='bbox 352 3499 472 3567; x_wconf 87' lang='lat' dir='ltr'>equibus</span> <span class='ocrx_word' id='word_1_345' title='bbox 485 3515 684 3572; x_wconf 74' lang='lat' dir='ltr'>propugnatur,</span> 
     </span>
     <span class='ocr_line' id='line_1_38' title="bbox 190 3577 687 3649; baseline 0.01 -23"><span class='ocrx_word' id='word_1_346' title='bbox 190 3583 311 3644; x_wconf 81' lang='lat' dir='ltr'>adeoque</span> <span class='ocrx_word' id='word_1_347' title='bbox 321 3577 476 3645; x_wconf 88' lang='lat' dir='ltr'>simpliciter</span> <span class='ocrx_word' id='word_1_348' title='bbox 485 3597 534 3649; x_wconf 89' lang='lat' dir='ltr'>per</span> <span class='ocrx_word' id='word_1_349' title='bbox 543 3579 687 3630; x_wconf 85' lang='lat' dir='ltr'>muros.De</span> 
     </span>
     <span class='ocr_line' id='line_1_39' title="bbox 190 3654 688 3726; baseline 0.01 -21"><span class='ocrx_word' id='word_1_350' title='bbox 190 3672 254 3706; x_wconf 86' lang='lat' dir='ltr'>voce</span> <span class='ocrx_word' id='word_1_351' title='bbox 267 3672 292 3703; x_wconf 79' lang='lat' dir='ltr'>v.</span> <span class='ocrx_word' id='word_1_352' title='bbox 306 3672 364 3726; x_wconf 91' lang='lat' dir='ltr'>sup.</span> <span class='ocrx_word' id='word_1_353' title='bbox 376 3654 410 3707; x_wconf 92' lang='lat' dir='ltr'>ad</span> <span class='ocrx_word' id='word_1_354' title='bbox 422 3657 585 3726; x_wconf 79' lang='lat'>170.-665.</span> <span class='ocrx_word' id='word_1_355' title='bbox 596 3659 688 3720; x_wconf 86' lang='lat' dir='ltr'>Acres;</span> 
     </span>
     <span class='ocr_line' id='line_1_40' title="bbox 191 3733 691 3806; baseline 0.01 -22"><span class='ocrx_word' id='word_1_356' title='bbox 191 3733 243 3803; x_wconf 91' lang='lat' dir='ltr'>ipsi</span> <span class='ocrx_word' id='word_1_357' title='bbox 254 3751 331 3784; x_wconf 88' lang='lat' dir='ltr'>arcus</span> <span class='ocrx_word' id='word_1_358' title='bbox 344 3735 485 3786; x_wconf 88' lang='lat' dir='ltr'>intendunt</span> <span class='ocrx_word' id='word_1_359' title='bbox 495 3739 606 3805; x_wconf 79' lang='lat' dir='ltr'>acriter,</span> <span class='ocrx_word' id='word_1_360' title='bbox 618 3750 644 3788; x_wconf 88' lang='lat' dir='ltr'>et</span> <span class='ocrx_word' id='word_1_361' title='bbox 650 3740 691 3806; x_wconf 79' lang='lat' dir='ltr'>J&#39;a-</span> 
     </span>
     <span class='ocr_line' id='line_1_41' title="bbox 190 3812 689 3887; baseline 0 -21"><span class='ocrx_word' id='word_1_362' title='bbox 190 3816 264 3866; x_wconf 90' lang='lat' dir='ltr'>ciuut</span> <span class='ocrx_word' id='word_1_363' title='bbox 273 3812 327 3865; x_wconf 88' lang='lat' dir='ltr'>tela</span> <span class='ocrx_word' id='word_1_364' title='bbox 336 3816 446 3865; x_wconf 83' lang='lat' dir='ltr'>amentis</span> <span class='ocrx_word' id='word_1_365' title='bbox 458 3815 576 3887; x_wconf 70' lang='lat' dir='ltr'>religata.</span> <span class='ocrx_word' id='word_1_366' title='bbox 585 3846 620 3854; x_wconf 93' lang='lat'><strong>—</strong></span> <span class='ocrx_word' id='word_1_367' title='bbox 628 3815 689 3868; x_wconf 92' lang='grc'>666.</span> 
     </span>
     <span class='ocr_line' id='line_1_42' title="bbox 191 3891 692 3961; baseline 0.01 -21"><span class='ocrx_word' id='word_1_368' title='bbox 191 3893 252 3961; x_wconf 73' lang='grc'>667.</span> <span class='ocrx_word' id='word_1_369' title='bbox 269 3891 388 3942; x_wconf 87' lang='lat' dir='ltr'>Macrob.</span> <span class='ocrx_word' id='word_1_370' title='bbox 403 3893 452 3952; x_wconf 86' lang='lat' dir='ltr'>Vl,</span> <span class='ocrx_word' id='word_1_371' title='bbox 466 3893 483 3958; x_wconf 73' lang='grc'><em>4</em></span> <span class='ocrx_word' id='word_1_372' title='bbox 497 3912 528 3944; x_wconf 88' lang='lat' dir='ltr'>ex</span> <span class='ocrx_word' id='word_1_373' title='bbox 543 3895 621 3946; x_wconf 88' lang='lat' dir='ltr'>Ennii</span> <span class='ocrx_word' id='word_1_374' title='bbox 637 3895 692 3947; x_wconf 89' lang='lat' dir='ltr'>Sci-</span> 
     </span>
    </p>
   </div>
   <div class='ocr_carea' id='block_1_12' title="bbox 192 3965 692 4046">
    <p class='ocr_par' dir='ltr' id='par_1_20' title="bbox 192 3965 692 4046">
     <span class='ocr_line' id='line_1_43' title="bbox 192 3965 692 4046; baseline 0.012 -22"><span class='ocrx_word' id='word_1_375' title='bbox 192 3975 273 4046; x_wconf 83' lang='lat' dir='ltr'>pione</span> <span class='ocrx_word' id='word_1_376' title='bbox 282 3971 377 4028; x_wconf 84' lang='lat' dir='ltr'>laudat</span> <span class='ocrx_word' id='word_1_377' title='bbox 387 3995 395 4045; x_wconf 77' lang='lat'>³.</span> <span class='ocrx_word' id='word_1_378' title='bbox 406 3965 519 4046; x_wconf 72' lang='lat' dir='ltr'>Sparse&#39;t&#39;s</span> <span class='ocrx_word' id='word_1_379' title='bbox 532 3971 692 4030; x_wconf 68' lang='grc'>66666166-</span> 
     </span>
    </p>
   </div>
   <div class='ocr_carea' id='block_1_13' title="bbox 733 3267 1233 3418">
    <p class='ocr_par' dir='ltr' id='par_1_21' title="bbox 733 3267 1233 3418">
     <span class='ocr_line' id='line_1_44' title="bbox 733 3267 1230 3338; baseline -0.008 -18"><span class='ocrx_word' id='word_1_380' title='bbox 733 3287 829 3333; x_wconf 87' lang='lat' dir='ltr'>manu,</span> <span class='ocrx_word' id='word_1_381' title='bbox 842 3286 899 3338; x_wconf 81' lang='lat' dir='ltr'>qua</span> <span class='ocrx_word' id='word_1_382' title='bbox 914 3267 982 3318; x_wconf 72' lang='grc' dir='ltr'>66άί</span> <span class='ocrx_word' id='word_1_383' title='bbox 993 3275 1135 3328; x_wconf 85' lang='lat' dir='ltr'>vocantur,</span> <span class='ocrx_word' id='word_1_384' title='bbox 1149 3276 1230 3333; x_wconf 87' lang='lat' dir='ltr'>atque</span> 
     </span>
     <span class='ocr_line' id='line_1_45' title="bbox 735 3353 1233 3418; baseline -0.01 -19"><span class='ocrx_word' id='word_1_385' title='bbox 735 3366 843 3418; x_wconf 86' lang='lat' dir='ltr'>capram</span> <span class='ocrx_word' id='word_1_386' title='bbox 854 3375 888 3384; x_wconf 83' lang='lat'><em>-</em></span> <span class='ocrx_word' id='word_1_387' title='bbox 901 3363 1013 3416; x_wconf 87' lang='lat' dir='ltr'>quarum</span> <span class='ocrx_word' id='word_1_388' title='bbox 1026 3355 1052 3394; x_wconf 91' lang='lat' dir='ltr'>et</span> <span class='ocrx_word' id='word_1_389' title='bbox 1065 3353 1137 3392; x_wconf 90' lang='lat' dir='ltr'>ortus</span> <span class='ocrx_word' id='word_1_390' title='bbox 1151 3354 1177 3394; x_wconf 89' lang='lat' dir='ltr'>et</span> <span class='ocrx_word' id='word_1_391' title='bbox 1190 3360 1233 3394; x_wconf 90' lang='lat' dir='ltr'>oc·</span> 
     </span>
    </p>
   </div>
   <div class='ocr_carea' id='block_1_14' title="bbox 736 3422 1234 3546">
    <p class='ocr_par' dir='ltr' id='par_1_22' title="bbox 736 3422 1234 3546">
     <span class='ocr_line' id='line_1_46' title="bbox 736 3422 1234 3496; baseline -0.01 -19"><span class='ocrx_word' id='word_1_392' title='bbox 736 3443 812 3477; x_wconf 89' lang='lat' dir='ltr'>casus</span> <span class='ocrx_word' id='word_1_393' title='bbox 825 3425 991 3496; x_wconf 75' lang='lat' dir='ltr'>gravissimas</span> <span class='ocrx_word' id='word_1_394' title='bbox 1007 3434 1177 3492; x_wconf 85' lang='lat' dir='ltr'>tempestates</span> <span class='ocrx_word' id='word_1_395' title='bbox 1191 3422 1234 3473; x_wconf 84' lang='lat' dir='ltr'>fa-</span> 
     </span>
     <span class='ocr_line' id='line_1_47' title="bbox 736 3494 1234 3546; baseline -0.008 0"><span class='ocrx_word' id='word_1_396' title='bbox 736 3500 817 3546; x_wconf 87' lang='lat' dir='ltr'>ciunt.</span> <span class='ocrx_word' id='word_1_397' title='bbox 834 3495 965 3545; x_wconf 89' lang='lat' dir='ltr'>Oriuntur</span> <span class='ocrx_word' id='word_1_398' title='bbox 977 3505 1065 3546; x_wconf 87' lang='lat' dir='ltr'>autem</span> <span class='ocrx_word' id='word_1_399' title='bbox 1077 3511 1137 3544; x_wconf 91' lang='lat' dir='ltr'>cum</span> <span class='ocrx_word' id='word_1_400' title='bbox 1153 3494 1234 3546; x_wconf 87' lang='lat' dir='ltr'>Scor-</span> 
     </span>
    </p>
   </div>
   <div class='ocr_carea' id='block_1_15' title="bbox 736 3571 1239 3965">
    <p class='ocr_par' dir='ltr' id='par_1_23' title="bbox 736 3571 1239 3965">
     <span class='ocr_line' id='line_1_48' title="bbox 736 3571 1233 3645; baseline 0.002 -21"><span class='ocrx_word' id='word_1_401' title='bbox 736 3575 815 3645; x_wconf 86' lang='lat' dir='ltr'>pione</span> <span class='ocrx_word' id='word_1_402' title='bbox 825 3589 914 3624; x_wconf 88' lang='lat' dir='ltr'>mense</span> <span class='ocrx_word' id='word_1_403' title='bbox 922 3571 1042 3624; x_wconf 88' lang='lat' dir='ltr'>Octobri.</span> <span class='ocrx_word' id='word_1_404' title='bbox 1051 3595 1062 3619; x_wconf 70' lang='lat' dir='ltr'>n</span> <span class='ocrx_word' id='word_1_405' title='bbox 1070 3572 1110 3624; x_wconf 90' lang='lat' dir='ltr'>Ita</span> <span class='ocrx_word' id='word_1_406' title='bbox 1118 3571 1233 3624; x_wconf 79' lang='lat' dir='ltr'>Servius.</span> 
     </span>
     <span class='ocr_line' id='line_1_49' title="bbox 737 3651 1233 3722; baseline -0.006 -18"><span class='ocrx_word' id='word_1_407' title='bbox 737 3651 902 3722; x_wconf 88' lang='lat' dir='ltr'>Comparatis</span> <span class='ocrx_word' id='word_1_408' title='bbox 914 3651 999 3717; x_wconf 90' lang='lat' dir='ltr'>locis,</span> <span class='ocrx_word' id='word_1_409' title='bbox 1020 3670 1077 3722; x_wconf 84' lang='lat' dir='ltr'>quae</span> <span class='ocrx_word' id='word_1_410' title='bbox 1094 3651 1128 3704; x_wconf 88' lang='lat' dir='ltr'>ab</span> <span class='ocrx_word' id='word_1_411' title='bbox 1144 3653 1233 3722; x_wconf 90' lang='lat' dir='ltr'>lntpp.</span> 
     </span>
     <span class='ocr_line' id='line_1_50' title="bbox 739 3731 1237 3801; baseline -0.004 -16"><span class='ocrx_word' id='word_1_412' title='bbox 739 3734 846 3785; x_wconf 84' lang='lat' dir='ltr'>excitari</span> <span class='ocrx_word' id='word_1_413' title='bbox 863 3731 965 3801; x_wconf 87' lang='lat' dir='ltr'>solent,</span> <span class='ocrx_word' id='word_1_414' title='bbox 982 3732 1014 3785; x_wconf 91' lang='lat' dir='ltr'>de</span> <span class='ocrx_word' id='word_1_415' title='bbox 1029 3749 1126 3786; x_wconf 81' lang='lat' dir='ltr'>occasu</span> <span class='ocrx_word' id='word_1_416' title='bbox 1142 3731 1237 3783; x_wconf 75' lang='lat' dir='ltr'>Haedo-</span> 
     </span>
     <span class='ocr_line' id='line_1_51' title="bbox 739 3811 1239 3864; baseline 0.002 -1"><span class='ocrx_word' id='word_1_417' title='bbox 739 3831 798 3863; x_wconf 91' lang='lat' dir='ltr'>rum</span> <span class='ocrx_word' id='word_1_418' title='bbox 805 3811 1239 3864; x_wconf 85' lang='lat' dir='ltr'>submediumDecembremmaxi-</span> 
     </span>
     <span class='ocr_line' id='line_1_52' title="bbox 739 3891 1235 3965; baseline -0.004 -21"><span class='ocrx_word' id='word_1_419' title='bbox 739 3911 781 3945; x_wconf 87' lang='lat' dir='ltr'>me</span> <span class='ocrx_word' id='word_1_420' title='bbox 800 3907 881 3963; x_wconf 90' lang='lat' dir='ltr'>poeta</span> <span class='ocrx_word' id='word_1_421' title='bbox 897 3895 1026 3965; x_wconf 79' lang='lat' dir='ltr'>cogitasse</span> <span class='ocrx_word' id='word_1_422' title='bbox 1042 3891 1163 3944; x_wconf 85' lang='lat' dir='ltr'>videtur:</span> <span class='ocrx_word' id='word_1_423' title='bbox 1180 3891 1235 3942; x_wconf 84' lang='lat' dir='ltr'>vid.</span> 
     </span>
    </p>
   </div>
   <div class='ocr_carea' id='block_1_16' title="bbox 740 3969 1236 4064">
    <p class='ocr_par' dir='ltr' id='par_1_24' title="bbox 740 3969 1236 4064">
     <span class='ocr_line' id='line_1_53' title="bbox 740 3969 1236 4064; baseline -0.008 -36"><span class='ocrx_word' id='word_1_424' title='bbox 740 3972 815 4030; x_wconf 76' lang='lat' dir='ltr'>Aret.</span> <span class='ocrx_word' id='word_1_425' title='bbox 825 3972 959 4064; x_wconf 76' lang='lat' dir='ltr'>Pbaenom.</span> <span class='ocrx_word' id='word_1_426' title='bbox 968 3973 1116 4046; x_wconf 70' lang='lat' dir='ltr'>squ-681.</span> <span class='ocrx_word' id='word_1_427' title='bbox 1124 3969 1236 4056; x_wconf 46' lang='lat' dir='ltr'>Theou:</span> 
     </span>
    </p>
   </div>
   <div class='ocr_carea' id='block_1_17' title="bbox 0 0 1388 4598">
    <p class='ocr_par' dir='ltr' id='par_1_25' title="bbox 0 0 1388 4598">
     <span class='ocr_line' id='line_1_54' title="bbox 0 0 1388 4598; baseline 0 0"><span class='ocrx_word' id='word_1_428' title='bbox 0 0 1388 4598; x_wconf 95' lang='lat' dir='ltr'> </span> 
     </span>
    </p>
   </div>
  </div>
 </body>
</html>
