<?xml version="1.0" encoding="UTF-8"?>
<!DOCTYPE html PUBLIC "-//W3C//DTD XHTML 1.0 Transitional//EN"
    "http://www.w3.org/TR/xhtml1/DTD/xhtml1-transitional.dtd">
<html xmlns="http://www.w3.org/1999/xhtml" xml:lang="en" lang="en">
 <head>
  <title>
</title>
<meta http-equiv="Content-Type" content="text/html;charset=utf-8" />
  <meta name='ocr-system' content='tesseract 3.04.00' />
  <meta name='ocr-capabilities' content='ocr_page ocr_carea ocr_par ocr_line ocrx_word'/>
</head>
<body>
  <div class='ocr_page' id='page_1' title='image "./pvirgiliusmaroq03barbgoog_0161.png"; bbox 0 0 2724 4600; ppageno 0'>
   <div class='ocr_carea' id='block_1_1' title="bbox 650 119 658 148">
    <p class='ocr_par' dir='ltr' id='par_1_1' title="bbox 650 119 658 148">
     <span class='ocr_line' id='line_1_1' title="bbox 650 119 658 148; baseline 0 0"><span class='ocrx_word' id='word_1_1' title='bbox 650 119 658 148; x_wconf 82' lang='grc' dir='ltr'><em>Ι</em></span> 
     </span>
    </p>
   </div>
   <div class='ocr_carea' id='block_1_2' title="bbox 373 351 1228 449">
    <p class='ocr_par' dir='ltr' id='par_1_2' title="bbox 373 351 1228 449">
     <span class='ocr_line' id='line_1_2' title="bbox 373 351 1228 449; baseline 0.011 -31"><span class='ocrx_word' id='word_1_2' title='bbox 373 351 607 418; x_wconf 77' lang='lat' dir='ltr'>ursinos</span> <span class='ocrx_word' id='word_1_3' title='bbox 631 353 785 420; x_wconf 78' lang='lat' dir='ltr'>uranu</span> <span class='ocrx_word' id='word_1_4' title='bbox 807 359 846 422; x_wconf 86' lang='lat' dir='ltr'>x.</span> <span class='ocrx_word' id='word_1_5' title='bbox 1073 367 1132 449; x_wconf 68' lang='lat'>149</span> <span class='ocrx_word' id='word_1_6' title='bbox 1224 369 1228 376; x_wconf 60' lang='lat'><strong><em>¹</em></strong></span> 
     </span>
    </p>
   </div>
   <div class='ocr_carea' id='block_1_3' title="bbox 92 473 1132 1308">
    <p class='ocr_par' dir='ltr' id='par_1_3' title="bbox 93 473 1008 670">
     <span class='ocr_line' id='line_1_3' title="bbox 99 473 1008 564; baseline 0.014 -31"><span class='ocrx_word' id='word_1_7' title='bbox 99 473 280 555; x_wconf 65' lang='lat' dir='ltr'>circades,</span> <span class='ocrx_word' id='word_1_8' title='bbox 294 474 378 555; x_wconf 87' lang='lat' dir='ltr'>haec,</span> <span class='ocrx_word' id='word_1_9' title='bbox 393 477 513 564; x_wconf 89' lang='lat' dir='ltr'>inquit,</span> <span class='ocrx_word' id='word_1_10' title='bbox 527 500 689 542; x_wconf 77' lang='lat' dir='ltr'>memores</span> <span class='ocrx_word' id='word_1_11' title='bbox 701 501 773 543; x_wconf 89' lang='lat' dir='ltr'>mea</span> <span class='ocrx_word' id='word_1_12' title='bbox 787 478 872 545; x_wconf 89' lang='lat' dir='ltr'>dicta</span> <span class='ocrx_word' id='word_1_13' title='bbox 885 481 1008 546; x_wconf 83' lang='lat' dir='ltr'>referte</span> 
     </span>
     <span class='ocr_line' id='line_1_4' title="bbox 93 579 868 670; baseline 0.008 -27"><span class='ocrx_word' id='word_1_14' title='bbox 93 580 266 645; x_wconf 87' lang='lat' dir='ltr'>Evandro:</span> <span class='ocrx_word' id='word_1_15' title='bbox 280 581 411 670; x_wconf 88' lang='lat' dir='ltr'>qualem</span> <span class='ocrx_word' id='word_1_16' title='bbox 424 582 559 661; x_wconf 87' lang='lat' dir='ltr'>meruit,</span> <span class='ocrx_word' id='word_1_17' title='bbox 573 579 714 647; x_wconf 82' lang='lat' dir='ltr'>Pallanta</span> <span class='ocrx_word' id='word_1_18' title='bbox 728 585 868 649; x_wconf 87' lang='lat' dir='ltr'>remitto.</span> 
     </span>
    </p>

    <p class='ocr_par' dir='ltr' id='par_1_4' title="bbox 93 684 1098 881">
     <span class='ocr_line' id='line_1_5' title="bbox 93 684 1098 776; baseline 0.009 -27"><span class='ocrx_word' id='word_1_19' title='bbox 93 687 249 776; x_wconf 87' lang='lat' dir='ltr'><strong>Quisquis</strong></span> <span class='ocrx_word' id='word_1_20' title='bbox 261 686 367 751; x_wconf 86' lang='lat' dir='ltr'>honos</span> <span class='ocrx_word' id='word_1_21' title='bbox 381 688 515 767; x_wconf 90' lang='lat' dir='ltr'>tumuli,</span> <span class='ocrx_word' id='word_1_22' title='bbox 530 686 693 776; x_wconf 89' lang='lat' dir='ltr'>quidquid</span> <span class='ocrx_word' id='word_1_23' title='bbox 706 684 852 754; x_wconf 87' lang='lat' dir='ltr'>solamen</span> <span class='ocrx_word' id='word_1_24' title='bbox 864 691 1098 773; x_wconf 84' lang='lat' dir='ltr'>humandi-est,</span> 
     </span>
     <span class='ocr_line' id='line_1_6' title="bbox 93 790 793 881; baseline 0.006 -27"><span class='ocrx_word' id='word_1_25' title='bbox 93 791 249 878; x_wconf 87' lang='lat' dir='ltr'>Largior:</span> <span class='ocrx_word' id='word_1_26' title='bbox 261 790 351 855; x_wconf 91' lang='lat' dir='ltr'>haud</span> <span class='ocrx_word' id='word_1_27' title='bbox 364 791 411 854; x_wconf 91' lang='lat' dir='ltr'>illi</span> <span class='ocrx_word' id='word_1_28' title='bbox 423 791 556 857; x_wconf 90' lang='lat' dir='ltr'>stabunt</span> <span class='ocrx_word' id='word_1_29' title='bbox 568 793 680 856; x_wconf 86' lang='lat' dir='ltr'>AEneia</span> <span class='ocrx_word' id='word_1_30' title='bbox 691 816 793 881; x_wconf 90' lang='lat' dir='ltr'>parvo</span> 
     </span>
    </p>

    <p class='ocr_par' dir='ltr' id='par_1_5' title="bbox 92 896 1132 1202">
     <span class='ocr_line' id='line_1_7' title="bbox 94 896 1132 985; baseline 0.007 -25"><span class='ocrx_word' id='word_1_31' title='bbox 94 896 255 983; x_wconf 90' lang='lat' dir='ltr'>Hospitia.</span> <span class='ocrx_word' id='word_1_32' title='bbox 269 926 282 955; x_wconf 78' lang='lat' dir='ltr'>a</span> <span class='ocrx_word' id='word_1_33' title='bbox 298 899 340 962; x_wconf 91' lang='lat' dir='ltr'>Et</span> <span class='ocrx_word' id='word_1_34' title='bbox 351 897 434 962; x_wconf 87' lang='lat' dir='ltr'>laevo</span> <span class='ocrx_word' id='word_1_35' title='bbox 446 898 564 985; x_wconf 84' lang='lat' dir='ltr'>pressit</span> <span class='ocrx_word' id='word_1_36' title='bbox 576 897 660 985; x_wconf 87' lang='lat' dir='ltr'>pede</span> <span class='ocrx_word' id='word_1_37' title='bbox 673 900 749 962; x_wconf 88' lang='lat' dir='ltr'>talia</span> <span class='ocrx_word' id='word_1_38' title='bbox 760 901 854 965; x_wconf 81' lang='lat' dir='ltr'>fatus·</span> <span class='ocrx_word' id='word_1_39' title='bbox 1088 915 1132 978; x_wconf 64' lang='lat' dir='ltr'>tat</span> 
     </span>
     <span class='ocr_line' id='line_1_8' title="bbox 92 991 881 1094; baseline 0.005 -28"><span class='ocrx_word' id='word_1_40' title='bbox 92 1004 299 1084; x_wconf 82' lang='lat' dir='ltr'>Exanimem,</span> <span class='ocrx_word' id='word_1_41' title='bbox 312 1006 442 1093; x_wconf 87' lang='lat' dir='ltr'>rapiens</span> <span class='ocrx_word' id='word_1_42' title='bbox 455 1005 597 1070; x_wconf 89' lang='lat' dir='ltr'>inmania</span> <span class='ocrx_word' id='word_1_43' title='bbox 609 991 755 1094; x_wconf 80' lang='lat' dir='ltr'>pondera</span> <span class='ocrx_word' id='word_1_44' title='bbox 767 1006 881 1087; x_wconf 89' lang='lat' dir='ltr'>baltei,</span> 
     </span>
     <span class='ocr_line' id='line_1_9' title="bbox 94 1107 867 1202; baseline 0.009 -32"><span class='ocrx_word' id='word_1_45' title='bbox 94 1110 353 1198; x_wconf 88' lang='lat' dir='ltr'>Inpressumque</span> <span class='ocrx_word' id='word_1_46' title='bbox 366 1112 457 1175; x_wconf 85' lang='lat' dir='ltr'>nefas</span> <span class='ocrx_word' id='word_1_47' title='bbox 470 1135 476 1173; x_wconf 90' lang='lat'>:</span> <span class='ocrx_word' id='word_1_48' title='bbox 490 1112 629 1176; x_wconf 85' lang='lat' dir='ltr'>unasub</span> <span class='ocrx_word' id='word_1_49' title='bbox 642 1128 738 1186; x_wconf 83' lang='lat' dir='ltr'>nocte</span> <span class='ocrx_word' id='word_1_50' title='bbox 746 1113 849 1202; x_wconf 91' lang='lat' dir='ltr'>jugali</span> <span class='ocrx_word' id='word_1_51' title='bbox 866 1107 867 1112; x_wconf 30' lang='lat'>¹</span> 
     </span>
    </p>

    <p class='ocr_par' dir='ltr' id='par_1_6' title="bbox 92 1215 1019 1308">
     <span class='ocr_line' id='line_1_10' title="bbox 92 1215 1019 1308; baseline 0.008 -31"><span class='ocrx_word' id='word_1_52' title='bbox 92 1215 182 1278; x_wconf 85' lang='lat' dir='ltr'>Caesa</span> <span class='ocrx_word' id='word_1_53' title='bbox 194 1238 311 1279; x_wconf 90' lang='lat' dir='ltr'>manus</span> <span class='ocrx_word' id='word_1_54' title='bbox 319 1215 481 1305; x_wconf 85' lang='lat' dir='ltr'>juvenum</span> <span class='ocrx_word' id='word_1_55' title='bbox 494 1216 596 1298; x_wconf 85' lang='lat' dir='ltr'>loede,</span> <span class='ocrx_word' id='word_1_56' title='bbox 610 1218 810 1308; x_wconf 82' lang='lat' dir='ltr'>thalamique</span> <span class='ocrx_word' id='word_1_57' title='bbox 823 1222 951 1284; x_wconf 88' lang='lat' dir='ltr'>cruenti</span> <span class='ocrx_word' id='word_1_58' title='bbox 957 1244 971 1300; x_wconf 91' lang='lat'>;·</span> <span class='ocrx_word' id='word_1_59' title='bbox 1014 1228 1019 1240; x_wconf 86' lang='lat'><em>&#39;</em></span> 
     </span>
    </p>
   </div>
   <div class='ocr_carea' id='block_1_4' title="bbox 91 1405 1136 1690">
    <p class='ocr_par' dir='ltr' id='par_1_7' title="bbox 91 1405 1136 1690">
     <span class='ocr_line' id='line_1_11' title="bbox 92 1405 1136 1476; baseline 0.008 -24"><span class='ocrx_word' id='word_1_60' title='bbox 92 1405 266 1453; x_wconf 81' lang='lat' dir='ltr'>hemistichium</span> <span class='ocrx_word' id='word_1_61' title='bbox 275 1411 301 1454; x_wconf 89' lang='lat' dir='ltr'>in</span> <span class='ocrx_word' id='word_1_62' title='bbox 314 1410 379 1456; x_wconf 84' lang='lat' dir='ltr'>Rom.</span> <span class='ocrx_word' id='word_1_63' title='bbox 393 1424 416 1458; x_wconf 87' lang='lat' dir='ltr'>et</span> <span class='ocrx_word' id='word_1_64' title='bbox 427 1409 478 1457; x_wconf 82' lang='lat' dir='ltr'>aliis</span> <span class='ocrx_word' id='word_1_65' title='bbox 488 1411 607 1473; x_wconf 76' lang='lat' dir='ltr'>expletur:</span> <span class='ocrx_word' id='word_1_66' title='bbox 622 1413 648 1456; x_wconf 87' lang='lat' dir='ltr'>in</span> <span class='ocrx_word' id='word_1_67' title='bbox 659 1410 710 1458; x_wconf 87' lang='lat' dir='ltr'>aliis</span> <span class='ocrx_word' id='word_1_68' title='bbox 719 1411 793 1458; x_wconf 87' lang='lat' dir='ltr'>aliter.</span> <span class='ocrx_word' id='word_1_69' title='bbox 803 1427 855 1458; x_wconf 85' lang='lat' dir='ltr'>cum</span> <span class='ocrx_word' id='word_1_70' title='bbox 863 1427 915 1459; x_wconf 88' lang='lat' dir='ltr'>voce</span> <span class='ocrx_word' id='word_1_71' title='bbox 924 1413 1020 1476; x_wconf 83' lang='lat' dir='ltr'>superba</span> <span class='ocrx_word' id='word_1_72' title='bbox 1028 1414 1094 1460; x_wconf 66' lang='lat' dir='ltr'>Leia</span> <span class='ocrx_word' id='word_1_73' title='bbox 1104 1439 1136 1451; x_wconf 89' lang='lat'><em>-</em></span> 
     </span>
     <span class='ocr_line' id='line_1_12' title="bbox 91 1475 1136 1549; baseline 0.011 -30"><span class='ocrx_word' id='word_1_74' title='bbox 91 1475 144 1538; x_wconf 61' lang='lat'>491.</span> <span class='ocrx_word' id='word_1_75' title='bbox 156 1491 267 1522; x_wconf 85' lang='lat' dir='ltr'>memores</span> <span class='ocrx_word' id='word_1_76' title='bbox 276 1481 351 1543; x_wconf 73' lang='lat' dir='ltr'>inquit</span> <span class='ocrx_word' id='word_1_77' title='bbox 356 1498 392 1542; x_wconf 90' lang='lat' dir='ltr'>pr.</span> <span class='ocrx_word' id='word_1_78' title='bbox 405 1481 486 1526; x_wconf 79' lang='lat' dir='ltr'>llamh.</span> <span class='ocrx_word' id='word_1_79' title='bbox 497 1507 527 1517; x_wconf 89' lang='lat'>—</span> <span class='ocrx_word' id='word_1_80' title='bbox 537 1481 590 1542; x_wconf 66' lang='lat'>492.</span> <span class='ocrx_word' id='word_1_81' title='bbox 603 1482 648 1526; x_wconf 78' lang='lat' dir='ltr'>Aut</span> <span class='ocrx_word' id='word_1_82' title='bbox 662 1484 694 1527; x_wconf 89' lang='lat' dir='ltr'>sic</span> <span class='ocrx_word' id='word_1_83' title='bbox 704 1495 729 1528; x_wconf 90' lang='lat' dir='ltr'>nt</span> <span class='ocrx_word' id='word_1_84' title='bbox 738 1498 800 1528; x_wconf 90' lang='lat' dir='ltr'>nunc</span> <span class='ocrx_word' id='word_1_85' title='bbox 812 1483 850 1540; x_wconf 87' lang='lat' dir='ltr'>lit,</span> <span class='ocrx_word' id='word_1_86' title='bbox 862 1495 915 1529; x_wconf 81' lang='lat' dir='ltr'>ant:</span> <span class='ocrx_word' id='word_1_87' title='bbox 930 1485 1036 1530; x_wconf 84' lang='lat' dir='ltr'>Evandro</span> <span class='ocrx_word' id='word_1_88' title='bbox 1046 1483 1136 1549; x_wconf 83' lang='lat' dir='ltr'>qualem</span> 
     </span>
     <span class='ocr_line' id='line_1_13' title="bbox 92 1547 1135 1620; baseline 0.011 -29"><span class='ocrx_word' id='word_1_89' title='bbox 92 1564 121 1591; x_wconf 88' lang='lat' dir='ltr'>m.</span> <span class='ocrx_word' id='word_1_90' title='bbox 139 1547 252 1610; x_wconf 80' lang='lat' dir='ltr'>distingui</span> <span class='ocrx_word' id='word_1_91' title='bbox 266 1565 346 1612; x_wconf 85' lang='lat' dir='ltr'>posse,</span> <span class='ocrx_word' id='word_1_92' title='bbox 358 1555 450 1600; x_wconf 80' lang='lat' dir='ltr'>Servius</span> <span class='ocrx_word' id='word_1_93' title='bbox 460 1554 563 1614; x_wconf 82' lang='lat' dir='ltr'>putabat.</span> <span class='ocrx_word' id='word_1_94' title='bbox 573 1579 605 1590; x_wconf 89' lang='lat'>-</span> <span class='ocrx_word' id='word_1_95' title='bbox 614 1553 667 1615; x_wconf 68' lang='grc'><strong>493.</strong></span> <span class='ocrx_word' id='word_1_96' title='bbox 678 1555 769 1618; x_wconf 82' lang='lat' dir='ltr'>Siquid</span> <span class='ocrx_word' id='word_1_97' title='bbox 779 1554 817 1602; x_wconf 83' lang='lat' dir='ltr'>vel</span> <span class='ocrx_word' id='word_1_98' title='bbox 828 1557 853 1600; x_wconf 79' lang='lat' dir='ltr'>st</span> <span class='ocrx_word' id='word_1_99' title='bbox 862 1559 913 1619; x_wconf 87' lang='lat' dir='ltr'>qais</span> <span class='ocrx_word' id='word_1_100' title='bbox 926 1558 952 1602; x_wconf 91' lang='lat' dir='ltr'>in</span> <span class='ocrx_word' id='word_1_101' title='bbox 964 1556 1024 1602; x_wconf 86' lang='lat' dir='ltr'>Gud.</span> <span class='ocrx_word' id='word_1_102' title='bbox 1035 1573 1048 1602; x_wconf 89' lang='lat' dir='ltr'>a</span> <span class='ocrx_word' id='word_1_103' title='bbox 1058 1573 1088 1603; x_wconf 91' lang='lat' dir='ltr'>m.</span> <span class='ocrx_word' id='word_1_104' title='bbox 1098 1575 1135 1620; x_wconf 87' lang='lat' dir='ltr'>pr.</span> 
     </span>
     <span class='ocr_line' id='line_1_14' title="bbox 92 1617 1136 1690; baseline 0.01 -28"><span class='ocrx_word' id='word_1_105' title='bbox 92 1617 163 1666; x_wconf 81' lang='lat' dir='ltr'>honor</span> <span class='ocrx_word' id='word_1_106' title='bbox 174 1619 223 1666; x_wconf 87' lang='lat' dir='ltr'>duo</span> <span class='ocrx_word' id='word_1_107' title='bbox 232 1621 311 1666; x_wconf 88' lang='lat' dir='ltr'>Burm.</span> <span class='ocrx_word' id='word_1_108' title='bbox 323 1621 390 1670; x_wconf 80' lang='lat' dir='ltr'>honos</span> <span class='ocrx_word' id='word_1_109' title='bbox 403 1623 475 1669; x_wconf 76' lang='lat' dir='ltr'>rutuli</span> <span class='ocrx_word' id='word_1_110' title='bbox 483 1624 610 1687; x_wconf 85' lang='lat' dir='ltr'>Goth.pr.,</span> <span class='ocrx_word' id='word_1_111' title='bbox 622 1641 666 1670; x_wconf 90' lang='lat' dir='ltr'>nec</span> <span class='ocrx_word' id='word_1_112' title='bbox 678 1629 736 1671; x_wconf 87' lang='lat' dir='ltr'>tanti</span> <span class='ocrx_word' id='word_1_113' title='bbox 748 1638 793 1682; x_wconf 85' lang='lat' dir='ltr'>est,</span> <span class='ocrx_word' id='word_1_114' title='bbox 804 1639 830 1672; x_wconf 91' lang='lat' dir='ltr'>ut</span> <span class='ocrx_word' id='word_1_115' title='bbox 841 1628 952 1690; x_wconf 85' lang='lat' dir='ltr'>conjicias</span> <span class='ocrx_word' id='word_1_116' title='bbox 961 1625 1041 1683; x_wconf 81' lang='lat' dir='ltr'>honos,</span> <span class='ocrx_word' id='word_1_117' title='bbox 1050 1627 1136 1674; x_wconf 75' lang='lat' dir='ltr'>aaut.</span> 
     </span>
    </p>
   </div>
   <div class='ocr_carea' id='block_1_5' title="bbox 9 1689 1136 1760">
    <p class='ocr_par' dir='ltr' id='par_1_8' title="bbox 9 1689 1136 1760">
     <span class='ocr_line' id='line_1_15' title="bbox 9 1689 1136 1760; baseline 0.011 -28"><span class='ocrx_word' id='word_1_118' title='bbox 9 1709 10 1718; x_wconf 27' lang='grc' dir='ltr'>π</span> <span class='ocrx_word' id='word_1_119' title='bbox 90 1697 123 1734; x_wconf 87' lang='lat' dir='ltr'>est</span> <span class='ocrx_word' id='word_1_120' title='bbox 135 1689 219 1735; x_wconf 88' lang='lat' dir='ltr'>itidem</span> <span class='ocrx_word' id='word_1_121' title='bbox 234 1690 282 1736; x_wconf 90' lang='lat' dir='ltr'>duo</span> <span class='ocrx_word' id='word_1_122' title='bbox 300 1693 520 1755; x_wconf 70' lang='lat' dir='ltr'>omittunt-4911.</span> <span class='ocrx_word' id='word_1_123' title='bbox 534 1703 636 1740; x_wconf 79' lang='lat' dir='ltr'>constant</span> <span class='ocrx_word' id='word_1_124' title='bbox 647 1695 873 1758; x_wconf 65' lang='lat' dir='ltr'>AE.Sprot.-l‡96.</span> <span class='ocrx_word' id='word_1_125' title='bbox 888 1697 1034 1752; x_wconf 77' lang='lat' dir='ltr'>Exammem,</span> <span class='ocrx_word' id='word_1_126' title='bbox 1052 1711 1136 1760; x_wconf 66' lang='lat' dir='ltr'>praeter</span> 
     </span>
    </p>
   </div>
   <div class='ocr_carea' id='block_1_6' title="bbox 89 1757 1136 1900">
    <p class='ocr_par' dir='ltr' id='par_1_9' title="bbox 89 1757 1136 1900">
     <span class='ocr_line' id='line_1_16' title="bbox 90 1757 1135 1830; baseline 0.011 -29"><span class='ocrx_word' id='word_1_127' title='bbox 90 1773 162 1802; x_wconf 85' lang='lat' dir='ltr'>unum</span> <span class='ocrx_word' id='word_1_128' title='bbox 172 1757 252 1814; x_wconf 68' lang='lat' dir='ltr'>(luth,</span> <span class='ocrx_word' id='word_1_129' title='bbox 267 1777 347 1808; x_wconf 87' lang='lat' dir='ltr'>omnes</span> <span class='ocrx_word' id='word_1_130' title='bbox 358 1765 437 1809; x_wconf 83' lang='lat' dir='ltr'>Heius.</span> <span class='ocrx_word' id='word_1_131' title='bbox 449 1776 472 1810; x_wconf 86' lang='lat' dir='ltr'>et</span> <span class='ocrx_word' id='word_1_132' title='bbox 486 1766 560 1819; x_wconf 71' lang='lat' dir='ltr'>Pien,</span> <span class='ocrx_word' id='word_1_133' title='bbox 570 1776 593 1810; x_wconf 91' lang='lat' dir='ltr'>at</span> <span class='ocrx_word' id='word_1_134' title='bbox 601 1766 739 1810; x_wconf 72' lang='lat' dir='ltr'>Exanimem</span> <span class='ocrx_word' id='word_1_135' title='bbox 753 1765 809 1812; x_wconf 86' lang='lat' dir='ltr'>olim</span> <span class='ocrx_word' id='word_1_136' title='bbox 819 1766 916 1810; x_wconf 86' lang='lat' dir='ltr'>editum.</span> <span class='ocrx_word' id='word_1_137' title='bbox 927 1765 1074 1811; x_wconf 79' lang='lat' dir='ltr'>Contrarium</span> <span class='ocrx_word' id='word_1_138' title='bbox 1083 1783 1135 1830; x_wconf 89' lang='lat' dir='ltr'>sup.</span> 
     </span>
     <span class='ocr_line' id='line_1_17' title="bbox 89 1827 1136 1900; baseline -0.003 -15"><span class='ocrx_word' id='word_1_139' title='bbox 89 1829 131 1885; x_wconf 69' lang='grc' dir='ltr'>ῙΧ,</span> <span class='ocrx_word' id='word_1_140' title='bbox 141 1827 186 1884; x_wconf 71' lang='lat'>451</span> <span class='ocrx_word' id='word_1_141' title='bbox 203 1829 313 1879; x_wconf 77' lang='lat' dir='ltr'>vidimus.</span> <span class='ocrx_word' id='word_1_142' title='bbox 323 1835 461 1881; x_wconf 77' lang='lat' dir='ltr'>Exanimem</span> <span class='ocrx_word' id='word_1_143' title='bbox 472 1846 550 1883; x_wconf 80' lang='lat' dir='ltr'>tamen</span> <span class='ocrx_word' id='word_1_144' title='bbox 560 1837 682 1899; x_wconf 79' lang='lat' dir='ltr'>praeferam</span> <span class='ocrx_word' id='word_1_145' title='bbox 693 1839 718 1883; x_wconf 89' lang='lat' dir='ltr'>in</span> <span class='ocrx_word' id='word_1_146' title='bbox 727 1849 808 1900; x_wconf 85' lang='lat' dir='ltr'>poeta,</span> <span class='ocrx_word' id='word_1_147' title='bbox 821 1848 845 1882; x_wconf 83' lang='lat' dir='ltr'>et</span> <span class='ocrx_word' id='word_1_148' title='bbox 857 1837 952 1883; x_wconf 82' lang='lat' dir='ltr'>retraxit</span> <span class='ocrx_word' id='word_1_149' title='bbox 962 1835 1022 1881; x_wconf 89' lang='lat' dir='ltr'>illud</span> <span class='ocrx_word' id='word_1_150' title='bbox 1031 1837 1136 1900; x_wconf 86' lang='lat' dir='ltr'>Cuning-</span> 
     </span>
    </p>
   </div>
   <div class='ocr_carea' id='block_1_7' title="bbox 91 1901 180 1951">
    <p class='ocr_par' dir='ltr' id='par_1_10' title="bbox 91 1901 180 1951">
     <span class='ocr_line' id='line_1_18' title="bbox 91 1901 180 1951; baseline -0.022 0"><span class='ocrx_word' id='word_1_151' title='bbox 91 1901 180 1951; x_wconf 80' lang='lat' dir='ltr'>hamus.</span> 
     </span>
    </p>
   </div>
   <div class='ocr_carea' id='block_1_8' title="bbox 88 2069 1139 3023">
    <p class='ocr_par' dir='ltr' id='par_1_11' title="bbox 89 2069 1137 2378">
     <span class='ocr_line' id='line_1_19' title="bbox 90 2069 1132 2146; baseline -0.002 -22"><span class='ocrx_word' id='word_1_152' title='bbox 90 2085 118 2124; x_wconf 91' lang='lat' dir='ltr'>ut</span> <span class='ocrx_word' id='word_1_153' title='bbox 130 2075 242 2127; x_wconf 89' lang='lat' dir='ltr'>insultet</span> <span class='ocrx_word' id='word_1_154' title='bbox 258 2093 325 2127; x_wconf 83' lang='lat' dir='ltr'>caeso</span> <span class='ocrx_word' id='word_1_155' title='bbox 341 2075 442 2128; x_wconf 84' lang='lat' dir='ltr'>victor:</span> <span class='ocrx_word' id='word_1_156' title='bbox 462 2073 593 2128; x_wconf 89' lang='lat' dir='ltr'>hocloco</span> <span class='ocrx_word' id='word_1_157' title='bbox 635 2073 702 2127; x_wconf 88' lang='lat' dir='ltr'>mihi</span> <span class='ocrx_word' id='word_1_158' title='bbox 723 2071 831 2146; x_wconf 81' lang='lat' dir='ltr'>quidem</span> <span class='ocrx_word' id='word_1_159' title='bbox 854 2073 941 2125; x_wconf 89' lang='lat' dir='ltr'>minus</span> <span class='ocrx_word' id='word_1_160' title='bbox 963 2069 1132 2144; x_wconf 81' lang='lat' dir='ltr'>probandum</span> 
     </span>
     <span class='ocr_line' id='line_1_20' title="bbox 89 2154 1136 2227; baseline 0 -23"><span class='ocrx_word' id='word_1_161' title='bbox 89 2165 179 2210; x_wconf 86' lang='lat' dir='ltr'>tamen</span> <span class='ocrx_word' id='word_1_162' title='bbox 194 2155 323 2207; x_wconf 85' lang='lat' dir='ltr'>hactenus</span> <span class='ocrx_word' id='word_1_163' title='bbox 341 2167 489 2227; x_wconf 87' lang='lat' dir='ltr'>temperata</span> <span class='ocrx_word' id='word_1_164' title='bbox 506 2169 532 2209; x_wconf 91' lang='lat' dir='ltr'>et</span> <span class='ocrx_word' id='word_1_165' title='bbox 544 2158 593 2207; x_wconf 89' lang='lat' dir='ltr'>mi·</span> <span class='ocrx_word' id='word_1_166' title='bbox 635 2155 752 2208; x_wconf 84' lang='lat' dir='ltr'>videtur:</span> <span class='ocrx_word' id='word_1_167' title='bbox 762 2154 1136 2226; x_wconf 84' lang='lat' dir='ltr'>quandoquidemcorpuspa·</span> 
     </span>
     <span class='ocr_line' id='line_1_21' title="bbox 89 2233 1137 2307; baseline 0 -23"><span class='ocrx_word' id='word_1_168' title='bbox 89 2235 190 2305; x_wconf 84' lang='lat' dir='ltr'>tigata,</span> <span class='ocrx_word' id='word_1_169' title='bbox 209 2235 284 2306; x_wconf 86' lang='lat' dir='ltr'>quod</span> <span class='ocrx_word' id='word_1_170' title='bbox 303 2237 408 2288; x_wconf 90' lang='lat' dir='ltr'>Turnus</span> <span class='ocrx_word' id='word_1_171' title='bbox 427 2254 523 2307; x_wconf 87' lang='lat' dir='ltr'>corpus</span> <span class='ocrx_word' id='word_1_172' title='bbox 540 2235 592 2288; x_wconf 89' lang='lat' dir='ltr'>hu·</span> <span class='ocrx_word' id='word_1_173' title='bbox 636 2239 670 2288; x_wconf 88' lang='lat' dir='ltr'>tri</span> <span class='ocrx_word' id='word_1_174' title='bbox 681 2238 789 2288; x_wconf 85' lang='lat' dir='ltr'>remittit</span> <span class='ocrx_word' id='word_1_175' title='bbox 800 2236 901 2288; x_wconf 81' lang='lat' dir='ltr'>funeris</span> <span class='ocrx_word' id='word_1_176' title='bbox 910 2233 1013 2286; x_wconf 90' lang='lat' dir='ltr'>honore</span> <span class='ocrx_word' id='word_1_177' title='bbox 1020 2233 1137 2286; x_wconf 87' lang='lat' dir='ltr'>human.-</span> 
     </span>
     <span class='ocr_line' id='line_1_22' title="bbox 90 2313 1082 2378; baseline 0.001 -13"><span class='ocrx_word' id='word_1_178' title='bbox 90 2313 217 2366; x_wconf 86' lang='lat' dir='ltr'>mandam</span> <span class='ocrx_word' id='word_1_179' title='bbox 239 2315 362 2368; x_wconf 75' lang='lat' dir='ltr'>concetlit</span> <span class='ocrx_word' id='word_1_180' title='bbox 381 2316 547 2378; x_wconf 82' lang='lat' dir='ltr'>Arcadibus;</span> <span class='ocrx_word' id='word_1_181' title='bbox 565 2328 593 2368; x_wconf 90' lang='lat' dir='ltr'>at</span> <span class='ocrx_word' id='word_1_182' title='bbox 643 2316 714 2367; x_wconf 86' lang='lat' dir='ltr'>dum.</span> <span class='ocrx_word' id='word_1_183' title='bbox 1080 2369 1082 2374; x_wconf 62' lang='grc'>,</span> 
     </span>
    </p>

    <p class='ocr_par' dir='ltr' id='par_1_12' title="bbox 88 2394 1139 3023">
     <span class='ocr_line' id='line_1_23' title="bbox 88 2394 1134 2468; baseline 0 -23"><span class='ocrx_word' id='word_1_184' title='bbox 88 2411 166 2466; x_wconf 79' lang='lat' dir='ltr'>super</span> <span class='ocrx_word' id='word_1_185' title='bbox 176 2394 300 2447; x_wconf 73' lang='lat' dir='ltr'>adsistens</span> <span class='ocrx_word' id='word_1_186' title='bbox 315 2409 354 2447; x_wconf 91' lang='lat' dir='ltr'>est</span> <span class='ocrx_word' id='word_1_187' title='bbox 369 2397 455 2468; x_wconf 80' lang='lat' dir='ltr'>simpl.</span> <span class='ocrx_word' id='word_1_188' title='bbox 469 2396 590 2462; x_wconf 77' lang='lat' dir='ltr'>adstans,</span> <span class='ocrx_word' id='word_1_189' title='bbox 672 2396 731 2466; x_wconf 74' lang='lat'>497.</span> <span class='ocrx_word' id='word_1_190' title='bbox 751 2397 810 2464; x_wconf 68' lang='lat'>498.</span> <span class='ocrx_word' id='word_1_191' title='bbox 828 2395 1015 2468; x_wconf 72' lang='lat' dir='ltr'>Anaglyphnm</span> <span class='ocrx_word' id='word_1_192' title='bbox 1027 2412 1095 2465; x_wconf 89' lang='lat' dir='ltr'>opus</span> <span class='ocrx_word' id='word_1_193' title='bbox 1108 2396 1134 2444; x_wconf 89' lang='lat' dir='ltr'>in</span> 
     </span>
     <span class='ocr_line' id='line_1_24' title="bbox 90 2474 1138 2545; baseline 0.001 -22"><span class='ocrx_word' id='word_1_194' title='bbox 90 2474 146 2543; x_wconf 88' lang='lat' dir='ltr'>ipse</span> <span class='ocrx_word' id='word_1_195' title='bbox 159 2487 251 2540; x_wconf 84' lang='lat' dir='ltr'>stans,</span> <span class='ocrx_word' id='word_1_196' title='bbox 266 2475 343 2527; x_wconf 86' lang='lat' dir='ltr'>alteri</span> <span class='ocrx_word' id='word_1_197' title='bbox 352 2477 468 2545; x_wconf 87' lang='lat' dir='ltr'>jacenti;</span> <span class='ocrx_word' id='word_1_198' title='bbox 479 2495 528 2528; x_wconf 88' lang='lat' dir='ltr'>nec</span> <span class='ocrx_word' id='word_1_199' title='bbox 540 2478 591 2528; x_wconf 89' lang='lat' dir='ltr'>nisi</span> <span class='ocrx_word' id='word_1_200' title='bbox 636 2475 725 2527; x_wconf 90' lang='lat' dir='ltr'>balteo</span> <span class='ocrx_word' id='word_1_201' title='bbox 743 2476 869 2527; x_wconf 88' lang='lat' dir='ltr'>Pallantis</span> <span class='ocrx_word' id='word_1_202' title='bbox 884 2488 940 2526; x_wconf 91' lang='lat' dir='ltr'>erat</span> <span class='ocrx_word' id='word_1_203' title='bbox 956 2475 1040 2526; x_wconf 83' lang='lat' dir='ltr'>caedes</span> <span class='ocrx_word' id='word_1_204' title='bbox 1056 2493 1138 2545; x_wconf 89' lang='lat' dir='ltr'>spon-</span> 
     </span>
     <span class='ocr_line' id='line_1_25' title="bbox 90 2553 1139 2627; baseline 0.001 -25"><span class='ocrx_word' id='word_1_205' title='bbox 90 2553 161 2605; x_wconf 86' lang='lat' dir='ltr'>infre</span> <span class='ocrx_word' id='word_1_206' title='bbox 172 2572 212 2604; x_wconf 85' lang='lat' dir='ltr'>vs.</span> <span class='ocrx_word' id='word_1_207' title='bbox 225 2583 260 2592; x_wconf 94' lang='lat'>—</span> <span class='ocrx_word' id='word_1_208' title='bbox 269 2555 329 2624; x_wconf 74' lang='grc'><strong>495.</strong></span> <span class='ocrx_word' id='word_1_209' title='bbox 340 2553 404 2607; x_wconf 80' lang='lat' dir='ltr'>laevo</span> <span class='ocrx_word' id='word_1_210' title='bbox 408 2557 501 2626; x_wconf 82' lang='lat' dir='ltr'>pressit</span> <span class='ocrx_word' id='word_1_211' title='bbox 508 2557 590 2627; x_wconf 82' lang='lat' dir='ltr'>pede,</span> <span class='ocrx_word' id='word_1_212' title='bbox 637 2572 727 2605; x_wconf 90' lang='lat' dir='ltr'>sorum</span> <span class='ocrx_word' id='word_1_213' title='bbox 738 2571 847 2604; x_wconf 87' lang='lat' dir='ltr'>suorum</span> <span class='ocrx_word' id='word_1_214' title='bbox 860 2573 914 2605; x_wconf 92' lang='lat' dir='ltr'>una</span> <span class='ocrx_word' id='word_1_215' title='bbox 927 2566 1005 2605; x_wconf 83' lang='lat' dir='ltr'>nocte</span> <span class='ocrx_word' id='word_1_216' title='bbox 1017 2573 1030 2604; x_wconf 89' lang='lat' dir='ltr'>a</span> <span class='ocrx_word' id='word_1_217' title='bbox 1041 2554 1139 2604; x_wconf 88' lang='lat' dir='ltr'>Danai·</span> 
     </span>
     <span class='ocr_line' id='line_1_26' title="bbox 91 2629 1139 2704; baseline 0 -23"><span class='ocrx_word' id='word_1_218' title='bbox 91 2630 138 2698; x_wconf 67' lang='grc' dir='ltr'>λὰξ</span> <span class='ocrx_word' id='word_1_219' title='bbox 147 2629 273 2702; x_wconf 57' lang='lat' dir='ltr'>aptastis,</span> <span class='ocrx_word' id='word_1_220' title='bbox 286 2630 334 2700; x_wconf 72' lang='grc' dir='ltr'>λὲξ</span> <span class='ocrx_word' id='word_1_221' title='bbox 347 2637 369 2687; x_wconf 83' lang='lat' dir='ltr'>is</span> <span class='ocrx_word' id='word_1_222' title='bbox 380 2633 478 2688; x_wconf 66' lang='lat' dir='ltr'>nitra</span> <span class='ocrx_word' id='word_1_223' title='bbox 492 2636 591 2697; x_wconf 60' lang='lat' dir='ltr'>aanor,</span> <span class='ocrx_word' id='word_1_224' title='bbox 637 2633 715 2685; x_wconf 84' lang='lat' dir='ltr'>(libus</span> <span class='ocrx_word' id='word_1_225' title='bbox 734 2646 896 2704; x_wconf 87' lang='lat' dir='ltr'>perpetrata.</span> <span class='ocrx_word' id='word_1_226' title='bbox 915 2633 968 2684; x_wconf 89' lang='lat' dir='ltr'>Gur</span> <span class='ocrx_word' id='word_1_227' title='bbox 984 2635 1012 2684; x_wconf 94' lang='lat' dir='ltr'>in</span> <span class='ocrx_word' id='word_1_228' title='bbox 1028 2632 1081 2684; x_wconf 93' lang='lat' dir='ltr'>hoc</span> <span class='ocrx_word' id='word_1_229' title='bbox 1095 2651 1139 2683; x_wconf 82' lang='lat' dir='ltr'>ar·</span> 
     </span>
     <span class='ocr_line' id='line_1_27' title="bbox 92 2711 1137 2788; baseline -0.004 -26"><span class='ocrx_word' id='word_1_230' title='bbox 92 2713 137 2782; x_wconf 90' lang='lat' dir='ltr'>qui</span> <span class='ocrx_word' id='word_1_231' title='bbox 154 2725 195 2764; x_wconf 89' lang='lat' dir='ltr'>est</span> <span class='ocrx_word' id='word_1_232' title='bbox 213 2712 386 2786; x_wconf 84' lang='lat' dir='ltr'>spoliantium</span> <span class='ocrx_word' id='word_1_233' title='bbox 403 2733 501 2788; x_wconf 88' lang='lat' dir='ltr'>corpus</span> <span class='ocrx_word' id='word_1_234' title='bbox 518 2733 594 2779; x_wconf 88' lang='lat' dir='ltr'>mos,</span> <span class='ocrx_word' id='word_1_235' title='bbox 637 2725 792 2783; x_wconf 74' lang='lat' dir='ltr'>gementum</span> <span class='ocrx_word' id='word_1_236' title='bbox 810 2711 934 2763; x_wconf 88' lang='lat' dir='ltr'>inciderit</span> <span class='ocrx_word' id='word_1_237' title='bbox 952 2723 1047 2782; x_wconf 88' lang='lat' dir='ltr'>poeta,</span> <span class='ocrx_word' id='word_1_238' title='bbox 1067 2728 1137 2778; x_wconf 83' lang='lat' dir='ltr'>quae-</span> 
     </span>
     <span class='ocr_line' id='line_1_28' title="bbox 91 2789 1136 2855; baseline -0.002 -13"><span class='ocrx_word' id='word_1_239' title='bbox 91 2804 119 2842; x_wconf 91' lang='lat' dir='ltr'>ut</span> <span class='ocrx_word' id='word_1_240' title='bbox 134 2811 210 2844; x_wconf 85' lang='lat' dir='ltr'>arma</span> <span class='ocrx_word' id='word_1_241' title='bbox 226 2807 338 2855; x_wconf 77' lang='lat' dir='ltr'>exuant3</span> <span class='ocrx_word' id='word_1_242' title='bbox 359 2798 407 2846; x_wconf 89' lang='lat' dir='ltr'>etsi</span> <span class='ocrx_word' id='word_1_243' title='bbox 425 2796 452 2848; x_wconf 90' lang='lat' dir='ltr'>h.</span> <span class='ocrx_word' id='word_1_244' title='bbox 472 2797 491 2850; x_wconf 92' lang='lat' dir='ltr'>l.</span> <span class='ocrx_word' id='word_1_245' title='bbox 511 2814 594 2848; x_wconf 90' lang='lat' dir='ltr'>unum</span> <span class='ocrx_word' id='word_1_246' title='bbox 639 2791 751 2843; x_wconf 90' lang='lat' dir='ltr'>rendum</span> <span class='ocrx_word' id='word_1_247' title='bbox 767 2809 821 2842; x_wconf 90' lang='lat' dir='ltr'>non</span> <span class='ocrx_word' id='word_1_248' title='bbox 839 2802 894 2852; x_wconf 89' lang='lat' dir='ltr'>est;</span> <span class='ocrx_word' id='word_1_249' title='bbox 915 2807 990 2841; x_wconf 83' lang='lat' dir='ltr'>casus</span> <span class='ocrx_word' id='word_1_250' title='bbox 1008 2789 1136 2840; x_wconf 85' lang='lat' dir='ltr'>obtulisse</span> 
     </span>
     <span class='ocr_line' id='line_1_29' title="bbox 90 2859 1138 2941; baseline -0.002 -21"><span class='ocrx_word' id='word_1_251' title='bbox 90 2882 194 2922; x_wconf 81' lang='lat' dir='ltr'>tantum</span> <span class='ocrx_word' id='word_1_252' title='bbox 201 2874 432 2940; x_wconf 84' lang='lat' dir='ltr'>memoraturhoc‚</span> <span class='ocrx_word' id='word_1_253' title='bbox 440 2887 470 2926; x_wconf 91' lang='lat' dir='ltr'>ut</span> <span class='ocrx_word' id='word_1_254' title='bbox 477 2876 595 2927; x_wconf 87' lang='lat' dir='ltr'>balteum</span> <span class='ocrx_word' id='word_1_255' title='bbox 638 2859 858 2941; x_wconf 76' lang='lat' dir='ltr'>illud&#39;putandus.</span> <span class='ocrx_word' id='word_1_256' title='bbox 870 2871 1007 2920; x_wconf 83' lang='lat' dir='ltr'>Brevitatis</span> <span class='ocrx_word' id='word_1_257' title='bbox 1017 2879 1044 2919; x_wconf 87' lang='lat' dir='ltr'>et</span> <span class='ocrx_word' id='word_1_258' title='bbox 1055 2869 1138 2918; x_wconf 89' lang='lat' dir='ltr'>varie-</span> 
     </span>
     <span class='ocr_line' id='line_1_30' title="bbox 91 2946 1136 3023; baseline -0.007 -21"><span class='ocrx_word' id='word_1_259' title='bbox 91 2962 207 3002; x_wconf 85' lang='lat' dir='ltr'>exueret.</span> <span class='ocrx_word' id='word_1_260' title='bbox 221 2981 254 2992; x_wconf 89' lang='lat'>-</span> <span class='ocrx_word' id='word_1_261' title='bbox 272 2952 332 3020; x_wconf 78' lang='lat'>49²·</span> <span class='ocrx_word' id='word_1_262' title='bbox 353 2951 463 3023; x_wconf 76' lang='lat' dir='ltr'>Qualem</span> <span class='ocrx_word' id='word_1_263' title='bbox 480 2954 593 3017; x_wconf 81' lang='lat' dir='ltr'>meruit,</span> <span class='ocrx_word' id='word_1_264' title='bbox 639 2953 714 3016; x_wconf 86' lang='lat' dir='ltr'>tatis,</span> <span class='ocrx_word' id='word_1_265' title='bbox 728 2969 812 3021; x_wconf 88' lang='lat' dir='ltr'>eoque</span> <span class='ocrx_word' id='word_1_266' title='bbox 828 2963 853 3002; x_wconf 90' lang='lat' dir='ltr'>et</span> <span class='ocrx_word' id='word_1_267' title='bbox 865 2951 1017 3012; x_wconf 84' lang='lat' dir='ltr'>suavitatis,</span> <span class='ocrx_word' id='word_1_268' title='bbox 1029 2946 1136 3012; x_wconf 86' lang='lat' dir='ltr'>studio,</span> 
     </span>
    </p>
   </div>
   <div class='ocr_carea' id='block_1_9' title="bbox 10 3027 1137 3100">
    <p class='ocr_par' dir='ltr' id='par_1_13' title="bbox 10 3027 1137 3100">
     <span class='ocr_line' id='line_1_31' title="bbox 10 3027 1137 3100; baseline -0.004 -20"><span class='ocrx_word' id='word_1_269' title='bbox 10 3063 11 3072; x_wconf 61' lang='lat'>.</span> <span class='ocrx_word' id='word_1_270' title='bbox 91 3027 109 3079; x_wconf 95' lang='lat' dir='ltr'>l.</span> <span class='ocrx_word' id='word_1_271' title='bbox 123 3029 231 3100; x_wconf 84' lang='lat' dir='ltr'>qualem</span> <span class='ocrx_word' id='word_1_272' title='bbox 247 3030 369 3083; x_wconf 83' lang='lat' dir='ltr'>Evander</span> <span class='ocrx_word' id='word_1_273' title='bbox 386 3034 484 3084; x_wconf 89' lang='lat' dir='ltr'>meruit</span> <span class='ocrx_word' id='word_1_274' title='bbox 498 3045 527 3084; x_wconf 88' lang='lat' dir='ltr'>ut</span> <span class='ocrx_word' id='word_1_275' title='bbox 544 3032 595 3083; x_wconf 90' lang='lat' dir='ltr'>sibi</span> <span class='ocrx_word' id='word_1_276' title='bbox 639 3044 800 3083; x_wconf 87' lang='lat' dir='ltr'>structuram</span> <span class='ocrx_word' id='word_1_277' title='bbox 812 3031 955 3093; x_wconf 87' lang='lat' dir='ltr'>orationis,</span> <span class='ocrx_word' id='word_1_278' title='bbox 969 3047 1048 3099; x_wconf 88' lang='lat' dir='ltr'>quarn</span> <span class='ocrx_word' id='word_1_279' title='bbox 1062 3039 1137 3077; x_wconf 85' lang='lat' dir='ltr'>orsus</span> 
     </span>
    </p>
   </div>
   <div class='ocr_carea' id='block_1_10' title="bbox 91 3106 1140 4136">
    <p class='ocr_par' dir='ltr' id='par_1_14' title="bbox 91 3106 1140 4136">
     <span class='ocr_line' id='line_1_32' title="bbox 93 3106 1138 3181; baseline 0 -24"><span class='ocrx_word' id='word_1_280' title='bbox 93 3110 254 3160; x_wconf 86' lang='lat' dir='ltr'>remitterem</span> <span class='ocrx_word' id='word_1_281' title='bbox 270 3109 367 3177; x_wconf 89' lang='lat' dir='ltr'>lilium,</span> <span class='ocrx_word' id='word_1_282' title='bbox 383 3109 401 3161; x_wconf 87' lang='lat' dir='ltr'>l.</span> <span class='ocrx_word' id='word_1_283' title='bbox 416 3111 521 3181; x_wconf 85' lang='lat' dir='ltr'>qualem</span> <span class='ocrx_word' id='word_1_284' title='bbox 535 3110 595 3162; x_wconf 88' lang='lat' dir='ltr'>Pal·</span> <span class='ocrx_word' id='word_1_285' title='bbox 638 3123 709 3174; x_wconf 86' lang='lat' dir='ltr'>erat,</span> <span class='ocrx_word' id='word_1_286' title='bbox 722 3123 802 3180; x_wconf 88' lang='lat' dir='ltr'>poeta</span> <span class='ocrx_word' id='word_1_287' title='bbox 814 3110 925 3171; x_wconf 81' lang='lat' dir='ltr'>deserit,</span> <span class='ocrx_word' id='word_1_288' title='bbox 936 3120 962 3158; x_wconf 88' lang='lat' dir='ltr'>et</span> <span class='ocrx_word' id='word_1_289' title='bbox 973 3125 989 3157; x_wconf 89' lang='lat' dir='ltr'>a</span> <span class='ocrx_word' id='word_1_290' title='bbox 999 3119 1092 3176; x_wconf 88' lang='lat' dir='ltr'>quarto</span> <span class='ocrx_word' id='word_1_291' title='bbox 1103 3106 1138 3157; x_wconf 88' lang='lat' dir='ltr'>ad</span> 
     </span>
     <span class='ocr_line' id='line_1_33' title="bbox 91 3187 1137 3260; baseline -0.002 -22"><span class='ocrx_word' id='word_1_292' title='bbox 91 3187 131 3240; x_wconf 78' lang='lat' dir='ltr'>las</span> <span class='ocrx_word' id='word_1_293' title='bbox 143 3190 256 3255; x_wconf 89' lang='lat' dir='ltr'>virtute,</span> <span class='ocrx_word' id='word_1_294' title='bbox 275 3201 301 3240; x_wconf 88' lang='lat' dir='ltr'>et</span> <span class='ocrx_word' id='word_1_295' title='bbox 313 3189 427 3242; x_wconf 86' lang='lat' dir='ltr'>audacia</span> <span class='ocrx_word' id='word_1_296' title='bbox 439 3208 488 3242; x_wconf 88' lang='lat' dir='ltr'>sua</span> <span class='ocrx_word' id='word_1_297' title='bbox 499 3191 595 3241; x_wconf 85' lang='lat' dir='ltr'>meruit</span> <span class='ocrx_word' id='word_1_298' title='bbox 638 3192 753 3260; x_wconf 87' lang='lat' dir='ltr'>primam</span> <span class='ocrx_word' id='word_1_299' title='bbox 766 3207 858 3240; x_wconf 88' lang='lat' dir='ltr'>casum</span> <span class='ocrx_word' id='word_1_300' title='bbox 870 3188 972 3238; x_wconf 84' lang='lat' dir='ltr'>transit.</span> <span class='ocrx_word' id='word_1_301' title='bbox 991 3187 1054 3238; x_wconf 88' lang='lat' dir='ltr'>Erat</span> <span class='ocrx_word' id='word_1_302' title='bbox 1067 3187 1137 3237; x_wconf 90' lang='lat' dir='ltr'>enim</span> 
     </span>
     <span class='ocr_line' id='line_1_34' title="bbox 93 3267 1139 3340; baseline -0.001 -22"><span class='ocrx_word' id='word_1_303' title='bbox 93 3279 122 3318; x_wconf 88' lang='lat' dir='ltr'>nt</span> <span class='ocrx_word' id='word_1_304' title='bbox 130 3285 158 3319; x_wconf 86' lang='lat' dir='ltr'>se</span> <span class='ocrx_word' id='word_1_305' title='bbox 166 3269 338 3332; x_wconf 80' lang='lat' dir='ltr'>remitterem,</span> <span class='ocrx_word' id='word_1_306' title='bbox 349 3286 454 3334; x_wconf 75' lang='lat' dir='ltr'>caesum,</span> <span class='ocrx_word' id='word_1_307' title='bbox 464 3268 511 3320; x_wconf 84' lang='lat' dir='ltr'>scd</span> <span class='ocrx_word' id='word_1_308' title='bbox 521 3268 595 3320; x_wconf 86' lang='lat' dir='ltr'>nulla</span> <span class='ocrx_word' id='word_1_309' title='bbox 641 3270 760 3340; x_wconf 78' lang='lat' dir='ltr'>impressa</span> <span class='ocrx_word' id='word_1_310' title='bbox 768 3270 994 3339; x_wconf 83' lang='lat' dir='ltr'>manasjaocnum</span> <span class='ocrx_word' id='word_1_311' title='bbox 1003 3305 1011 3332; x_wconf 95' lang='lat'>,</span> <span class='ocrx_word' id='word_1_312' title='bbox 1020 3267 1139 3338; x_wconf 84' lang='lat' dir='ltr'>exsculp-</span> 
     </span>
     <span class='ocr_line' id='line_1_35' title="bbox 94 3347 1138 3418; baseline 0.001 -20"><span class='ocrx_word' id='word_1_313' title='bbox 94 3347 254 3398; x_wconf 89' lang='lat' dir='ltr'>contnmelia</span> <span class='ocrx_word' id='word_1_314' title='bbox 266 3349 388 3417; x_wconf 86' lang='lat' dir='ltr'>corporis</span> <span class='ocrx_word' id='word_1_315' title='bbox 404 3350 548 3408; x_wconf 64' lang='lat' dir='ltr'>affectum</span> <span class='ocrx_word' id='word_1_316' title='bbox 565 3348 593 3399; x_wconf 94' lang='lat' dir='ltr'>h.</span> <span class='ocrx_word' id='word_1_317' title='bbox 638 3348 792 3401; x_wconf 88' lang='lat' dir='ltr'>tumbalteo</span> <span class='ocrx_word' id='word_1_318' title='bbox 801 3347 1032 3418; x_wconf 81' lang='lat' dir='ltr'>nefasDanaidam</span> <span class='ocrx_word' id='word_1_319' title='bbox 1040 3385 1048 3411; x_wconf 94' lang='lat'>,</span> <span class='ocrx_word' id='word_1_320' title='bbox 1060 3359 1138 3400; x_wconf 89' lang='lat' dir='ltr'>nocte</span> 
     </span>
     <span class='ocr_line' id='line_1_36' title="bbox 93 3427 1140 3498; baseline -0.002 -21"><span class='ocrx_word' id='word_1_321' title='bbox 93 3439 123 3477; x_wconf 86' lang='lat' dir='ltr'>ut</span> <span class='ocrx_word' id='word_1_322' title='bbox 138 3427 235 3498; x_wconf 81' lang='lat' dir='ltr'>dignus</span> <span class='ocrx_word' id='word_1_323' title='bbox 251 3439 308 3479; x_wconf 89' lang='lat' dir='ltr'>erat</span> <span class='ocrx_word' id='word_1_324' title='bbox 325 3427 414 3480; x_wconf 85' lang='lat' dir='ltr'>audax</span> <span class='ocrx_word' id='word_1_325' title='bbox 429 3427 593 3480; x_wconf 85' lang='lat' dir='ltr'>adolescens.</span> <span class='ocrx_word' id='word_1_326' title='bbox 639 3427 753 3498; x_wconf 90' lang='lat' dir='ltr'>nuptiali</span> <span class='ocrx_word' id='word_1_327' title='bbox 772 3445 834 3478; x_wconf 89' lang='lat' dir='ltr'>snos</span> <span class='ocrx_word' id='word_1_328' title='bbox 854 3443 967 3496; x_wconf 86' lang='lat' dir='ltr'>sponsos</span> <span class='ocrx_word' id='word_1_329' title='bbox 987 3427 1140 3477; x_wconf 87' lang='lat' dir='ltr'>interimen-</span> 
     </span>
     <span class='ocr_line' id='line_1_37' title="bbox 93 3504 1139 3578; baseline 0 -20"><span class='ocrx_word' id='word_1_330' title='bbox 93 3508 166 3572; x_wconf 85' lang='lat' dir='ltr'>Hoc,</span> <span class='ocrx_word' id='word_1_331' title='bbox 179 3509 354 3578; x_wconf 83' lang='lat' dir='ltr'>sequentibus</span> <span class='ocrx_word' id='word_1_332' title='bbox 371 3522 595 3574; x_wconf 87' lang='lat' dir='ltr'>consentaneum,</span> <span class='ocrx_word' id='word_1_333' title='bbox 639 3511 714 3559; x_wconf 88' lang='lat' dir='ltr'>tium.</span> <span class='ocrx_word' id='word_1_334' title='bbox 728 3510 784 3558; x_wconf 86' lang='lat' dir='ltr'>Nec</span> <span class='ocrx_word' id='word_1_335' title='bbox 799 3507 852 3558; x_wconf 92' lang='lat' dir='ltr'>alio</span> <span class='ocrx_word' id='word_1_336' title='bbox 869 3505 950 3556; x_wconf 91' lang='lat' dir='ltr'>modo</span> <span class='ocrx_word' id='word_1_337' title='bbox 965 3523 1023 3576; x_wconf 88' lang='lat' dir='ltr'>sup.</span> <span class='ocrx_word' id='word_1_338' title='bbox 1036 3509 1074 3570; x_wconf 87' lang='lat' dir='ltr'>V,</span> <span class='ocrx_word' id='word_1_339' title='bbox 1088 3504 1139 3558; x_wconf 81' lang='lat'>536</span> 
     </span>
     <span class='ocr_line' id='line_1_38' title="bbox 92 3585 1140 3660; baseline -0.001 -24"><span class='ocrx_word' id='word_1_340' title='bbox 92 3604 142 3654; x_wconf 90' lang='lat' dir='ltr'>pro</span> <span class='ocrx_word' id='word_1_341' title='bbox 165 3587 268 3658; x_wconf 83' lang='lat' dir='ltr'>vulgari</span> <span class='ocrx_word' id='word_1_342' title='bbox 292 3586 392 3639; x_wconf 87' lang='lat' dir='ltr'>dictum</span> <span class='ocrx_word' id='word_1_343' title='bbox 413 3603 472 3642; x_wconf 85' lang='lat' dir='ltr'>est:</span> <span class='ocrx_word' id='word_1_344' title='bbox 490 3591 594 3639; x_wconf 90' lang='lat' dir='ltr'>remitto</span> <span class='ocrx_word' id='word_1_345' title='bbox 642 3589 746 3639; x_wconf 85' lang='lat' dir='ltr'>Cratera</span> <span class='ocrx_word' id='word_1_346' title='bbox 760 3585 1140 3660; x_wconf 53' lang='lat' dir='ltr'>impressumsiqnismnisig-</span> 
     </span>
     <span class='ocr_line' id='line_1_39' title="bbox 93 3663 1139 3736; baseline 0 -23"><span class='ocrx_word' id='word_1_347' title='bbox 93 3663 257 3729; x_wconf 84' lang='lat' dir='ltr'>Pallantem,</span> <span class='ocrx_word' id='word_1_348' title='bbox 275 3666 412 3735; x_wconf 87' lang='lat' dir='ltr'>quomodo</span> <span class='ocrx_word' id='word_1_349' title='bbox 433 3669 529 3718; x_wconf 86' lang='lat' dir='ltr'>meruit</span> <span class='ocrx_word' id='word_1_350' title='bbox 552 3685 595 3718; x_wconf 90' lang='lat' dir='ltr'>re·</span> <span class='ocrx_word' id='word_1_351' title='bbox 640 3686 676 3718; x_wconf 85' lang='lat' dir='ltr'>nu</span> <span class='ocrx_word' id='word_1_352' title='bbox 688 3669 815 3735; x_wconf 86' lang='lat' dir='ltr'>impressa</span> <span class='ocrx_word' id='word_1_353' title='bbox 829 3677 919 3727; x_wconf 83' lang='lat' dir='ltr'>erunt,</span> <span class='ocrx_word' id='word_1_354' title='bbox 932 3666 981 3714; x_wconf 85' lang='lat' dir='ltr'>etsi</span> <span class='ocrx_word' id='word_1_355' title='bbox 992 3664 1139 3736; x_wconf 84' lang='lat' dir='ltr'>exsculpta,</span> 
     </span>
     <span class='ocr_line' id='line_1_40' title="bbox 93 3739 1137 3815; baseline 0 -23"><span class='ocrx_word' id='word_1_356' title='bbox 93 3744 177 3804; x_wconf 87' lang='lat' dir='ltr'>mitti;</span> <span class='ocrx_word' id='word_1_357' title='bbox 190 3741 278 3814; x_wconf 76' lang='lat' dir='ltr'>qualis</span> <span class='ocrx_word' id='word_1_358' title='bbox 287 3761 338 3813; x_wconf 92' lang='lat' dir='ltr'>pro</span> <span class='ocrx_word' id='word_1_359' title='bbox 347 3747 478 3815; x_wconf 81' lang='lat' dir='ltr'>quomodo</span> <span class='ocrx_word' id='word_1_360' title='bbox 488 3739 533 3798; x_wconf 72' lang='lat' dir='ltr'>alar</span> <span class='ocrx_word' id='word_1_361' title='bbox 543 3764 594 3814; x_wconf 89' lang='lat' dir='ltr'>pro</span> <span class='ocrx_word' id='word_1_362' title='bbox 640 3744 713 3796; x_wconf 83' lang='lat' dir='ltr'>dixit.</span> <span class='ocrx_word' id='word_1_363' title='bbox 725 3747 890 3794; x_wconf 88' lang='lat' dir='ltr'>Burmannus</span> <span class='ocrx_word' id='word_1_364' title='bbox 898 3755 1037 3813; x_wconf 84' lang='lat' dir='ltr'>comparat</span> <span class='ocrx_word' id='word_1_365' title='bbox 1046 3760 1137 3793; x_wconf 80' lang='lat' dir='ltr'>versus</span> 
     </span>
     <span class='ocr_line' id='line_1_41' title="bbox 95 3822 1138 3894; baseline 0.001 -23"><span class='ocrx_word' id='word_1_366' title='bbox 95 3822 124 3876; x_wconf 68' lang='grc' dir='ltr'>ὅς</span> <span class='ocrx_word' id='word_1_367' title='bbox 136 3843 141 3871; x_wconf 91' lang='lat'>:</span> <span class='ocrx_word' id='word_1_368' title='bbox 155 3823 272 3886; x_wconf 85' lang='lat' dir='ltr'>scilicet,</span> <span class='ocrx_word' id='word_1_369' title='bbox 291 3823 346 3886; x_wconf 80' lang='lat' dir='ltr'>sic,</span> <span class='ocrx_word' id='word_1_370' title='bbox 360 3837 389 3874; x_wconf 90' lang='lat' dir='ltr'>ut</span> <span class='ocrx_word' id='word_1_371' title='bbox 407 3841 504 3894; x_wconf 86' lang='lat' dir='ltr'>corpus</span> <span class='ocrx_word' id='word_1_372' title='bbox 520 3823 595 3874; x_wconf 91' lang='lat' dir='ltr'>humi</span> <span class='ocrx_word' id='word_1_373' title='bbox 640 3837 704 3877; x_wconf 88' lang='lat' dir='ltr'>extr.</span> <span class='ocrx_word' id='word_1_374' title='bbox 718 3823 764 3874; x_wconf 91' lang='lat' dir='ltr'>lib.</span> <span class='ocrx_word' id='word_1_375' title='bbox 777 3823 846 3873; x_wconf 83' lang='lat' dir='ltr'>Vlll.</span> <span class='ocrx_word' id='word_1_376' title='bbox 860 3822 906 3873; x_wconf 88' lang='lat' dir='ltr'>ubi</span> <span class='ocrx_word' id='word_1_377' title='bbox 918 3823 1012 3873; x_wconf 82' lang='lat' dir='ltr'>AEneas</span> <span class='ocrx_word' id='word_1_378' title='bbox 1023 3823 1138 3891; x_wconf 88' lang='lat' dir='ltr'>clipeum</span> 
     </span>
     <span class='ocr_line' id='line_1_42' title="bbox 95 3899 1138 3970; baseline -0.004 -18"><span class='ocrx_word' id='word_1_379' title='bbox 95 3901 276 3954; x_wconf 86' lang='lat' dir='ltr'>mandandum</span> <span class='ocrx_word' id='word_1_380' title='bbox 295 3902 468 3954; x_wconf 83' lang='lat' dir='ltr'>concedatur.</span> <span class='ocrx_word' id='word_1_381' title='bbox 485 3902 550 3954; x_wconf 90' lang='lat' dir='ltr'>Cum</span> <span class='ocrx_word' id='word_1_382' title='bbox 563 3905 596 3956; x_wconf 91' lang='lat' dir='ltr'>ir·</span> <span class='ocrx_word' id='word_1_383' title='bbox 640 3903 718 3955; x_wconf 89' lang='lat' dir='ltr'>sumit</span> <span class='ocrx_word' id='word_1_384' title='bbox 726 3899 854 3953; x_wconf 78' lang='lat' dir='ltr'>Attollens</span> <span class='ocrx_word' id='word_1_385' title='bbox 864 3900 972 3952; x_wconf 84' lang='lat' dir='ltr'>humero</span> <span class='ocrx_word' id='word_1_386' title='bbox 978 3901 1138 3970; x_wconf 80' lang='lat' dir='ltr'>famamque</span> 
     </span>
     <span class='ocr_line' id='line_1_43' title="bbox 96 3978 1138 4053; baseline -0.004 -23"><span class='ocrx_word' id='word_1_387' title='bbox 96 3982 192 4033; x_wconf 86' lang='lat' dir='ltr'>risione</span> <span class='ocrx_word' id='word_1_388' title='bbox 207 3979 307 4032; x_wconf 89' lang='lat' dir='ltr'>dictum</span> <span class='ocrx_word' id='word_1_389' title='bbox 320 3980 366 4032; x_wconf 87' lang='lat' dir='ltr'>alii</span> <span class='ocrx_word' id='word_1_390' title='bbox 377 3994 486 4053; x_wconf 90' lang='lat' dir='ltr'>putant:</span> <span class='ocrx_word' id='word_1_391' title='bbox 499 3983 540 4034; x_wconf 90' lang='lat' dir='ltr'>Sic</span> <span class='ocrx_word' id='word_1_392' title='bbox 547 4001 597 4053; x_wconf 83' lang='lat' dir='ltr'>par</span> <span class='ocrx_word' id='word_1_393' title='bbox 640 3994 667 4034; x_wconf 89' lang='lat' dir='ltr'>et</span> <span class='ocrx_word' id='word_1_394' title='bbox 677 3981 739 4051; x_wconf 85' lang='lat' dir='ltr'>fata</span> <span class='ocrx_word' id='word_1_395' title='bbox 752 3991 884 4052; x_wconf 86' lang='lat' dir='ltr'>nepotum.</span> <span class='ocrx_word' id='word_1_396' title='bbox 898 3980 971 4031; x_wconf 90' lang='lat' dir='ltr'>ldem</span> <span class='ocrx_word' id='word_1_397' title='bbox 987 3978 1138 4030; x_wconf 85' lang='lat' dir='ltr'>Danaidum</span> 
     </span>
     <span class='ocr_line' id='line_1_44' title="bbox 97 4058 1138 4136; baseline -0.005 -25"><span class='ocrx_word' id='word_1_398' title='bbox 97 4071 152 4112; x_wconf 83' lang='lat' dir='ltr'>erat</span> <span class='ocrx_word' id='word_1_399' title='bbox 170 4073 197 4113; x_wconf 89' lang='lat' dir='ltr'>te</span> <span class='ocrx_word' id='word_1_400' title='bbox 220 4079 362 4136; x_wconf 80' lang='lat' dir='ltr'>expugna</span> <span class='ocrx_word' id='word_1_401' title='bbox 386 4061 491 4116; x_wconf 87' lang='lat' dir='ltr'>dimitti.</span> <span class='ocrx_word' id='word_1_402' title='bbox 514 4062 594 4128; x_wconf 85' lang='lat' dir='ltr'>Quod</span> <span class='ocrx_word' id='word_1_403' title='bbox 641 4071 826 4132; x_wconf 78' lang='lat' dir='ltr'>argumentum</span> <span class='ocrx_word' id='word_1_404' title='bbox 849 4062 877 4112; x_wconf 94' lang='lat' dir='ltr'>in</span> <span class='ocrx_word' id='word_1_405' title='bbox 899 4059 985 4130; x_wconf 84' lang='lat' dir='ltr'>clipeo</span> <span class='ocrx_word' id='word_1_406' title='bbox 1005 4058 1138 4127; x_wconf 86' lang='lat' dir='ltr'>copiosius</span> 
     </span>
    </p>
   </div>
   <div class='ocr_carea' id='block_1_11' title="bbox 0 0 1370 4600">
    <p class='ocr_par' dir='ltr' id='par_1_15' title="bbox 0 0 1370 4600">
     <span class='ocr_line' id='line_1_45' title="bbox 0 0 1370 4600; baseline 0 0"><span class='ocrx_word' id='word_1_407' title='bbox 0 0 1370 4600; x_wconf 95' lang='lat' dir='ltr'> </span> 
     </span>
    </p>
   </div>
  </div>
 </body>
</html>
