2736 4598
257 295 322 362 ets
504 296 539 359 Ρ.
563 291 796 360 VIRGILII
818 297 1051 365 MARONIS

258 423 399 508 Jamque
411 419 494 486 intra
502 419 626 508 jactum
640 419 696 487 teli
708 442 900 507 progressus
912 437 1053 510 uterque

257 525 469 590 substiterat:
484 525 592 590 subito
606 542 785 613 erumpunt
796 526 953 605 clamore,
969 527 1210 616 frementisqne

259 631 481 695 Exhortantur
493 651 611 719 equos;
623 629 768 695 fundunt
780 633 877 695 simul
890 631 1038 722 undique
1051 633 1118 697 tela
1260 645 1303 693 610

257 737 382 802 Crebra
393 737 476 800 nivis
489 737 567 813 ritu,
582 735 765 824 caelumque
778 737 944 801 obtexitur
955 737 1081 801 umbra.

260 843 425 906 Continuo
437 840 582 905 adversis
594 839 787 928 Tyrrhenus
800 859 832 905 et
844 863 920 906 acer
931 842 1097 907 Aconteus

260 947 398 1012 Connixi
410 947 582 1012 incurrunt
593 945 709 1025 hastis,
723 947 888 1036 primique
900 947 1029 1010 ruinam

255 1150 381 1200 commode
400 1150 476 1198 verbis
494 1161 606 1212 concepta
624 1149 698 1196 videri
717 1152 805 1212 possit:
821 1153 943 1196 nonenim
956 1150 1082 1206 adrentus,
1100 1151 1187 1196 sedin
1205 1150 1309 1196 adventu

257 1237 362 1283 gressus,
378 1223 506 1282 ingressus,
519 1220 653 1266 exardescit.
666 1222 801 1282 Suspicetur
820 1218 904 1282 aliquis
922 1223 1003 1266 vitium
1018 1223 1093 1266 inesse
1112 1237 1142 1266 ex
1160 1220 1310 1275 melitera,

259 1309 328 1356 quam
339 1291 422 1354 copula
433 1293 532 1346 invexit,
544 1303 568 1337 et
579 1290 624 1354 leg.
636 1291 790 1354 aduentuque,
801 1295 875 1337 vuum
880 1291 1032 1356 fremitusque
1041 1291 1141 1337 ardescit
1151 1307 1275 1356 equantm5
1284 1290 1309 1336 b.

260 1377 283 1410 et
297 1363 411 1418 adventu,
423 1378 495 1425 quum
509 1365 620 1425 utrinque
630 1365 726 1426 propius
738 1363 889 1419 accederent,
903 1363 1008 1409 fremitus
1024 1366 1128 1411 virorum
1144 1379 1310 1426 equorumque

260 1434 372 1488 ardescit,
384 1433 407 1478 h.
417 1435 537 1488 increscit,
547 1437 621 1496 major
630 1435 663 1480 fit.
675 1435 733 1489 Aut,
745 1447 772 1478 ut
785 1435 857 1495 magis
868 1437 942 1480 niteat
953 1437 1028 1481 oratio
1038 1452 1044 1480 :
1054 1436 1211 1499 Adventuque
1222 1439 1312 1489 uuum,

253 1504 361 1566 fierniun
370 1504 468 1549 ardescit
475 1519 583 1568 equorum
592 1520 600 1548 :
614 1521 662 1567 quo
670 1505 791 1566 propiores
803 1503 875 1559 flunt,
886 1519 914 1550 eo
924 1506 995 1567 maqis
1005 1506 1060 1566 equi
1071 1504 1187 1550 fremunt.
1200 1507 1225 1550 Si
1235 1515 1312 1550 tamen

259 1577 309 1622 baec
322 1591 432 1637 comparo
443 1591 496 1620 cum
508 1574 609 1621 lectione
620 1574 724 1636 vulgata,
738 1573 800 1620 malo
815 1577 840 1619 in
856 1591 881 1622 es
901 1575 975 1630 ferre,
992 1573 1059 1637 quod
1069 1575 1154 1620 durius
1166 1587 1191 1620 et
1201 1575 1312 1620 audacius

161 1678 163 1682 .
260 1647 349 1692 dictum
359 1644 441 1691 'sideri
457 1657 546 1706 potest,
562 1657 585 1691 et
602 1644 627 1689 id
645 1657 738 1700 tenere,
752 1643 817 1706 quod
828 1647 853 1689 in
867 1647 928 1691 notis
944 1647 1042 1708 apposui
1053 1661 1059 1690 t
1071 1646 1198 1690 aduentum
1213 1648 1312 1690 innuere

252 1717 382 1777 strepitum
394 1695 689 1760 adventantiumfflluenat
697 1726 766 1776 poeta
776 1717 914 1760 sententiam
922 1715 1098 1778 quodammodo
1107 1715 1171 1760 infra
1182 1731 1215 1761 vs.
1227 1730 1272 1786 qro
1282 1715 1313 1758 Et

260 1801 344 1832 savum
355 1787 445 1830 AEnean
453 1787 552 1848 aqnoscit
565 1787 688 1830 Turnus...
697 1783 871 1848 Adventumque
878 1785 961 1847 pedum
964 1785 1084 1848 flatusque
1093 1785 1185 1830 audiuit
1193 1800 1311 1849 equorum.

259 1858 353 1905 -608.
373 1861 430 1902 inter
444 1855 513 1902 Goth.
528 1868 581 1902 tert.
597 1859 639 1901 iter
653 1858 714 1902 Vsu.
731 1861 791 1901 intras
803 1860 824 1919 j.
837 1855 876 1902 iett'
888 1859 968 1903 Franc.
987 1858 1083 1918 -609.
1097 1855 1254 1902 substiterant
1265 1856 1312 1901 duo

260 1930 342 1976 flamb.
356 1941 380 1975 et
392 1927 504 1974 Scheffer.
516 1926 604 1974 Zulicb.
617 1927 682 1972 Leid.
693 1940 716 1973 et
727 1929 780 1972 Erc.
795 1928 872 1974 Burm.
879 1963 887 1984 ,
898 1929 963 1991 quod
972 1931 1044 1990 magis
1054 1931 1125 1974 etiam
1137 1929 1250 1976 obscurat
1261 1943 1313 1973 ora-

260 2005 360 2055 tionem3
372 2015 426 2045 narn
440 2014 488 2044 uon
501 2002 604 2060 agmina,
616 1999 657 2044 sed
668 2001 784 2061 agminum
796 2015 930 2062 progressus
943 1999 1071 2046 substitisse
1089 2000 1188 2046 dicitur.
1207 2007 1316 2063 rumpunt

207 2060 213 2074 ⁸
258 2070 330 2116 Goth.
345 2081 397 2115 tert.
404 2069 505 2131 fiarentr's
514 2067 603 2114 Zulicb.
617 2068 720 2114 Parrbas.
733 2070 784 2113 Par.
795 2081 818 2114 et
827 2069 869 2113 Ed.
880 2085 915 2130 pr.
926 2073 1004 2115 Burm.
1011 2069 1162 2133 furentisque
1174 2071 1256 2126 Rom„
1266 2082 1316 2114 turn

258 2143 345 2188 Medic.
356 2158 393 2202 pr.
401 2175 407 2196 ‚
416 2143 496 2202 sicque
508 2139 577 2184 Goth.
589 2142 611 2184 e't
621 2155 666 2185 sec.
675 2139 826 2203 furentesque
835 2152 892 2186 vett.
902 2140 970 2196 edd,
980 2156 1055 2203 usque
1065 2140 1095 2186 ad
1104 2140 1215 2186 Aldinam
1224 2143 1316 2187 tertiam

258 2229 273 2257 a
281 2211 398 2271 Naugerio
408 2212 552 2270 castigatam
561 2209 617 2255 inde
620 2209 746 2271 frementes
756 2223 819 2256 recte
829 2211 932 2274 praeferri
942 2209 1123 2274 coepit-610.
1130 2210 1218 2272 firndit
1225 2209 1316 2255 Zulicb.

260 2297 314 2326 arn.
327 2296 377 2342 pn,
389 2279 452 2325 unde
467 2279 545 2324 Heius.
560 2283 621 2340 conj.
630 2279 708 2342 fiendi.
719 2305 750 2315 —
759 2281 812 2326 612.
825 2282 914 2326 adversi
923 2292 979 2327 vett.
996 2281 1066 2335 edd,
1081 2284 1167 2344 sicque
1181 2282 1249 2327 Rom.
1262 2296 1315 2326 cum

260 2351 324 2404 aliis3
337 2361 360 2394 et
377 2351 427 2409 ipse
436 2348 576 2404 Mediceus,
594 2349 623 2394 ad
635 2351 740 2410 Foqqinii
752 2350 849 2413 quidem
864 2351 948 2406 fldem,
961 2367 1014 2396 curn
1031 2352 1100 2396 trinis
1117 2351 1192 2396 Goth.
1209 2351 1318 2396 adversus

259 2419 340 2465 Franc.
357 2419 404 2464 Sed
414 2420 514 2464 aduersis
526 2418 661 2480 elegantius.
674 2420 750 2466 Habet
757 2425 805 2484 jarn
818 2421 869 2468 Aid.
881 2438 917 2484 pr.
929 2426 999 2467 versis
1009 2421 1051 2466 Ed.
1066 2439 1104 2483 pr.
1120 2423 1204 2467 Burm.
1222 2421 1316 2467 Aciwn-

257 2497 320 2542 teus,
337 2486 477 2543 Arentinus,
493 2488 603 2543 Aeones,
620 2491 648 2534 in
666 2489 734 2534 codd.
749 2493 787 2536 Est
805 2487 931 2540 'terracin
951 2515 983 2526 -
1000 2489 1056 2535 613.
1073 2490 1122 2547 614
1137 2492 1263 2536 commixti
1278 2506 1314 2551 pr.

259 2559 342 2604 flamh.
357 2559 457 2605 (lennem
466 2575 501 2621 pr.
513 2560 597 2604 Mores.
608 2572 632 2606 et
646 2561 683 2607 ed.
700 2561 797 2608 Medici.
815 2571 938 2608 occurrunt
949 2564 1025 2624 bigot.
1040 2574 1065 2608 et
1081 2562 1156 2608 Goth.
1172 2575 1243 2619 tert,
1259 2576 1317 2624 quos

259 2739 315 2792 tur,
333 2726 453 2795 inprimis
472 2737 561 2793 motu,
580 2727 757 2792 incalescere,
801 2730 911 2783 tendere
926 2729 1078 2794 debebant,
1098 2729 1217 2800 pulvere
1230 2727 1315 2797 caligo

260 2805 415 2874 adeoqueet
423 2804 706 2876 exardescere‚(aiibi
717 2810 759 2858 in·
803 2806 1316 2879 obduciturpugnae‚nontelorumcre·
1366 2827 1367 2878 ᾗ

258 2882 766 2955 cendi‚v.adX,895.)dicuntur.cf.
801 2886 998 2954 britate.Quod
1010 2898 1103 2938 autem
1113 2886 1226 2938 Servius
1235 2884 1313 2937 advs.
1366 2929 1367 2956 3

259 2965 321 3014 Var.
328 2961 496 3014 [εει-608.
503 2964 657 3034 Progressus
664 2967 759 3016 utrius·
801 2966 852 3018 608
869 2964 968 3017 habet:
987 2965 1042 3014 «Et
1058 2965 1187 3015 Enniana
1210 2977 1252 3016 est
1267 2964 1316 3013 iste

259 3061 311 3112 que
326 3044 454 3093 exercitus
467 3060 499 3094 eo
513 3045 569 3111 jam
585 3044 671 3095 factus
684 3057 756 3112 erat,
804 3046 911 3095 «omnis
939 3044 1084 3095 ambitiosa
1113 3043 1286 3114 descriptio:
1301 3065 1313 3088 n
1366 3041 1367 3046 ’

257 3133 288 3172 ut
297 3123 369 3173 intra
382 3123 426 3174 teli
437 3125 537 3190 jactum
550 3135 657 3174 ventum
669 3137 754 3175 esset:
800 3122 852 3174 boc
872 3122 907 3174 ad
923 3135 1089 3193 suspectat,
1104 3141 1166 3192 quae
1181 3139 1267 3193 supra
1282 3118 1315 3172 ed
1366 3131 1367 3172 3

254 3198 368 3270 quando
381 3212 494 3270 unaque
504 3203 574 3253 scies
587 3201 711 3254 substitit,
725 3204 756 3252 In
800 3203 851 3266 lx,
865 3201 916 3254 806
929 3220 988 3272 sqq.
1002 3202 1132 3253 vidimus.

259 3295 334 3345 seqq.
359 3282 522 3347 comparatio
545 3283 648 3332 institui
668 3292 756 3351 potest
834 3280 894 3330 612.
909 3280 1066 3350 Tyrrhenus
1077 3281 1106 3332 h.
1120 3283 1140 3332 1.
1152 3301 1255 3334 nomen
1266 3280 1315 3331 viri

253 3355 313 3403 no'n
325 3354 382 3404 sine
393 3355 482 3407 fructu
494 3375 554 3408 eum
569 3357 645 3409 llisd.
659 3361 685 3421 d,
703 3358 756 3424 446
801 3356 905 3408 Etrusci
918 3361 1079 3429 proprium
1093 3361 1233 3412 Aconteus
1243 3380 1258 3411 e
1270 3359 1315 3410 La·

257 3447 318 3499 sqq.
332 3441 391 3480 etv.
402 3432 461 3483 610.
475 3435 524 3486 611
536 3434 666 3487 videndus
678 3435 753 3486 Iliad.
800 3436 871 3485 sinis.
881 3437 985 3490 -613,
999 3437 1113 3488 ruinam
1126 3440 1212 3504 dant,
1225 3449 1314 3490 ruunt.

256 3529 291 3572 μ,
304 3505 353 3557 156
361 3523 420 3576 sqq.
430 3511 479 3578 278
489 3530 547 3583 sqq.
558 3512 651 3564 ateium
661 3514 757 3564 obtexi·
798 3512 986 3586 perfractaque
995 3545 1031 3554 -
1040 3529 1182 3588 rumpunt
1193 3537 1246 3588 pro
1259 3535 1317 3588 per·

260 3595 303 3633 tur
317 3585 413 3634 umbra.
433 3591 503 3640 conf.
518 3592 566 3641 inf.
583 3591 647 3653 xli,
666 3590 715 3659 578
732 3602 759 3643 et
800 3593 934 3662 stingum,
945 3611 1010 3662 pro,
1022 3593 1175 3646 illiduntur
1187 3598 1315 3657 invicem

258 3661 416 3713 obumbrant
424 3665 520 3719 aethera
528 3668 593 3720 telis.
603 3670 690 3720 Etiam
698 3669 758 3720 vul-
800 3669 902 3720 scilicet
913 3670 993 3723 hasta
1003 3685 1106 3725 neuter
1124 3675 1245 3728 aiterum
1260 3678 1318 3727 atti-

258 3738 315 3806 geri
332 3755 452 3793 sermone
473 3747 571 3797 tritum.
591 3746 668 3797 Unde
688 3747 756 3800 illud
800 3759 892 3818 gerat,
911 3750 1004 3819 itaque
1024 3753 1079 3820 ipsi
1101 3757 1171 3824 equi
1191 3757 1317 3807 concitati

259 3815 388 3878 Laconis,
408 3833 435 3867 se
455 3821 504 3872 sub
526 3824 620 3875 umbra
640 3825 755 3876 telorum
800 3843 903 3876 summo
913 3828 1016 3898 impetu
1024 3831 1053 3880 in
1063 3848 1094 3882 se
1105 3833 1183 3902 ipsos
1197 3837 1316 3886 irruunt:

259 3909 316 3944 esse
328 3905 513 3961 pugnaturum.
527 3901 561 3949 At
572 3900 646 3951 lliad.
661 3923 687 3968 ρ,
702 3903 754 3954 366
799 3921 853 3973 qua
862 3905 954 3970 mina,
968 3923 1023 3975 quo
1034 3908 1190 3976 condictu,
1203 3913 1319 3966 labefac-

260 3988 335 4041 sqq·‚
352 3982 501 4040 quemmon
513 3995 573 4028 cum
584 3991 676 4030 nostro
690 3998 754 4032 con·
799 3992 869 4033 tatus
886 3982 1024 4036 Aconteus
1042 4003 1119 4057 equo
1136 3989 1319 4060 dejicitur.—
