2718 4594
366 258 600 324 AENEIDOS
623 260 777 326 LIBER
798 261 885 361 Xll.
1082 265 1145 347 343

103 379 148 444 Et
159 401 248 446 nune
259 378 440 468 porticibus
451 381 576 459 vacuis,
590 405 678 448 nuno
690 383 827 450 humida
837 386 962 450 circum

102 485 224 574 Stagna
235 501 347 550 sonat:
361 485 475 551 similis
486 485 614 552 medios
626 473 766 553 lutuma
778 513 838 578 per
849 490 953 556 hostis

103 591 225 654 Fertur
235 592 344 682 equis,
357 583 539 680 rapidoque
550 593 665 657 volans
678 593 748 658 obit
760 597 869 661 omnia
882 588 995 677 curru,

101 696 246 784 Jamque
258 695 312 760 hic
324 689 530 784 germanum,
541 697 676 788 jamque
688 697 743 764 hic
756 717 897 766 ostentat
910 721 1079 784 ovantem,

102 801 176 863 Nec
187 802 338 866 conferre
350 825 486 866 manum
497 803 634 890 patitur,
648 797 737 868 volat
748 806 819 869 avia
831 807 939 895 longe.
1101 821 1151 879 aaa

103 906 205 971 Haud
218 909 325 973 minus
338 911 454 974 AEneas
466 925 569 974 tortos
581 911 660 999 legit
671 911 788 977 obvius
801 913 903 992 orbis,

101 1012 318 1101 vestigatque
330 1015 451 1093 virum,
466 1030 499 1078 et
510 1012 646 1104 disjecta
657 1038 718 1104 per
728 1018 859 1104 agmina
870 1041 987 1107 magna

101 1120 195 1183 Voce
208 1135 321 1184 vocat:
335 1120 464 1207 quoties
476 1119 590 1185 oculos
602 1121 789 1210 conjecit'in
801 1120 945 1204 hostem,

101 1223 348 1314 Alipedumque
360 1226 471 1332 fugam
484 1247 583 1290 cursu
595 1228 732 1291 tentavit
744 1249 907 1316 equorum
913 1255 925 1310 3·

100 1332 245 1395 Aversos
257 1331 354 1395 toties
366 1353 481 1396 currus
492 1333 634 1396 Jutuma
646 1333 788 1396 retorsit.
887 1412 890 1417 1
1102 1347 1147 1407 sss

101 1438 195 1516 Heu,
209 1434 290 1524 quid
302 1453 388 1524 agat,
402 1437 492 1500 vario
504 1436 732 1526 nequidquam
743 1437 881 1504 fluctuat
892 1456 988 1522 aestu3

99 1543 315 1631 Diversaeque
326 1558 445 1606 vocant
457 1543 604 1606 animum
616 1544 651 1608 in
663 1545 826 1609 contraria
838 1567 935 1610 curte.

98 1649 189 1712 Huic
201 1649 387 1735 Messapus,
400 1648 449 1712 uti
460 1649 541 1713 laeva
553 1647 620 1713 duo
633 1650 719 1714 forte
732 1649 866 1737 gerebat

98 1757 221 1832 Lenta,
233 1752 315 1818 levis
327 1775 439 1833 cursu,
452 1753 584 1841 praefixa
595 1754 724 1818 hastilia
736 1756 840 1835 ferro,

98 1939 138 1986 pr.
150 1946 184 1959 ·-·
194 1918 247 1983 476.
266 1938 290 1983 p.
305 1923 374 1966 variis
385 1920 455 1968 Goth.
468 1932 537 1978 tert„
550 1937 681 1984 perperam.
698 1922 745 1969 vid.
763 1923 817 1968 Not.
828 1923 890 1968 Bene
901 1921 948 1968 Jul.
961 1923 1039 1968 Sabin.
1057 1929 1148 1982 saeuis,

96 1995 128 2050 jd
139 2005 186 2050 est,
198 1993 287 2054 magnis
296 1989 334 2038 vel
345 1989 404 2037 altis.
420 1991 494 2038 Aliter
505 1993 555 2036 AEn.
565 1991 606 2037 lib.
619 1993 652 2047 ll,
666 1992 718 2053 761.
728 2017 760 2026 -
768 1989 823 2053 477.
833 1989 1007 2038 volutParrhas.
1023 2005 1046 2038 et
1057 1994 1123 2040 Leid.
1135 2011 1149 2040 a

97 2083 133 2112 m.
147 2082 183 2128 pr.
199 2079 252 2109 cum
264 2060 333 2108 Goth.
353 2073 405 2108 tert.
412 2097 420 2119 ,
438 2062 480 2109 sed
493 2071 559 2108 sonat
570 2063 722 2126 exquisitius:
742 2062 805 2109 volat
817 2079 870 2108 eum
881 2075 958 2108 cantu.
971 2065 1146 2110 souuutMedic.

98 2138 108 2195 (
120 2151 172 2181 am.
183 2151 218 2197 pr.
227 2136 243 2194 l.
256 2147 338 2180 surmus
348 2131 396 2178 duo
405 2135 482 2179 Burm.
492 2159 524 2171 -
532 2133 586 2196 478.
598 2137 658 2196 rapit
667 2137 742 2179 omniu
751 2133 857 2179 Parrhas.
867 2149 917 2178 am.
927 2149 963 2196 pr.
975 2144 998 2180 et
1010 2133 1068 2180 alter
1077 2135 1149 2180 Ham-

94 2209 168 2269 burg.
180 2219 248 2250 cursu
258 2203 348 2267 aliquot
356 2205 417 2251 Pier.
430 2215 453 2250 et
462 2207 539 2250 Burm.
550 2219 604 2250 eum
616 2204 722 2267 ejusdem
730 2203 772 2248 Ed.
783 2220 820 2267 pr.
831 2203 923 2266 -479,
935 2205 1010 2269 Atque
1022 2204 1057 2250 lu'e
1067 2205 1148 2252 eadem

95 2277 142 2324 Ed.
154 2292 189 2338 pr.
201 2275 297 2320 ostersdit
306 2274 387 2321 eadem
402 2287 425 2322 et
437 2286 520 2321 ceterae
531 2287 587 2322 vett.
600 2275 654 2320 edd.
665 2276 756 2320 Primus
765 2275 855 2320 Pierius
865 2291 877 2320 e
887 2277 952 2320 Rom.
966 2287 1031 2321 notat
1040 2284 1148 2334 ostentat,

96 2359 222 2408 receptum
233 2347 262 2392 ab
272 2347 380 2404 Heinsio,
397 2363 451 2393 cum
467 2347 537 2393 Goth.
550 2362 605 2393 am.
619 2363 665 2393 sec.
679 2347 740 2392 oud.
754 2357 777 2392 et
788 2346 855 2392 Leid.
873 2347 936 2392 idem
950 2347 1076 2394 offerrent:
1087 2349 1148 2394 adde

97 2417 171 2464 Goth.
184 2433 219 2478 pr.
230 2441 262 2452 -
270 2414 323 2472 481.
333 2425 355 2462 et
361 2418 426 2464 abest
434 2417 476 2463 Ed.
488 2434 524 2480 pr.
535 2420 614 2464 Burm.
625 2417 711 2481 ἀήθεια
718 2417 816 2462 Oudart.
827 2433 840 2462 a
850 2431 881 2461 m.
890 2432 935 2463 see.
947 2419 1023 2478 Sprot.
1033 2419 1145 2464 etllamb.

96 2505 137 2554 pr.
149 2503 203 2533 cum
215 2487 284 2534 Goth.
295 2503 330 2548 pr.
342 2489 396 2534 edd.
406 2501 463 2536 vett.
474 2491 534 2536 Veu.
541 2524 549 2546 ,
559 2505 634 2553 usque
649 2491 680 2535 ad
690 2491 840 2551 Egnatianam
851 2488 1045 2535 emendationem.
1059 2491 1086 2534 ln
1101 2490 1147 2537 fine

97 2575 183 2623 mapsa
190 2559 277 2605 Medic.
291 2570 314 2606 et
329 2563 401 2606 ceteri
411 2562 489 2606 Heius.
504 2577 596 2616 omnes,
609 2560 694 2615 Goth„
706 2573 756 2606 tum
773 2560 827 2606 edd.
845 2572 901 2606 vett.
921 2574 1016 2606 omnes:
1029 2573 1055 2606 ut
1066 2577 1148 2624 magna

96 2646 154 2679 uoce
161 2633 281 2694 jungatur.
291 2632 321 2675 At
329 2636 418 2695 agmina
431 2629 495 2696 longa
504 2635 594 2692 primus
607 2632 697 2676 Pierius
714 2647 742 2676 ex
757 2630 847 2693 aliquot
855 2633 902 2676 suis
911 2635 1000 2676 notavit
1010 2647 1015 2676 :
1025 2633 1050 2676 in
1062 2631 1148 2692 quibus

96 2714 178 2747 tamen
187 2701 304 2745 Romanus
314 2715 363 2744 non
375 2711 423 2745 erat
434 2716 439 2745 :
449 2701 504 2745 hinc
516 2702 605 2761 recepit
615 2701 701 2760 prima,
720 2702 746 2744 ni
763 2699 842 2755 fallor,
858 2700 896 2744 ed.
913 2698 1024 2745 Commel.
1036 2715 1048 2743 e
1058 2699 1147 2755 Palas,

95 2769 157 2817 inde
171 2767 226 2813 edd.
238 2767 374 2822 Pulmsnm,
387 2777 410 2812 et
421 2767 476 2813 hinc
488 2779 542 2814 cett.
555 2769 647 2830 vulgg.,
663 2770 689 2813 in
705 2768 741 2814 his
752 2770 811 2813 Dan.
825 2770 947 2814 Heinsius:
959 2768 1069 2813 adversus
1080 2767 1147 2812 codi-

96 2855 168 2895 cum,
180 2848 207 2882 ut
215 2837 327 2893 vidimus,
339 2840 517 2885 auctoritatem:
531 2839 634 2902 ideoque
645 2852 708 2885 nunc
718 2838 815 2884 alterum
828 2840 972 2884 retraximus.
983 2862 1015 2873 -
1023 2836 1077 2894 484.
1085 2836 1147 2900 fuga

96 2924 193 2960 cursum
202 2907 265 2970 apud
277 2907 354 2954 Schol.
368 2910 456 2954 Horatii
467 2911 555 2973 Cruqu.
575 2912 586 2954 1
602 2910 648 2955 Od.
667 2924 703 2972 ²7·
718 2909 819 2954 tentabat
828 2906 918 2953 Zulieh.
932 2923 986 2951 am.
1004 2923 1039 2968 pr.
1052 2905 1146 2963 -485,

97 2983 214 3030 Adversas
229 2979 299 3026 Goth.
314 2991 366 3026 tert.
385 2991 409 3025 et
424 2979 514 3043 aliquot
525 2983 604 3042 scripti
621 2980 684 3042 apud
693 2983 771 3024 Bursa.
784 2995 838 3025 cum
850 2978 887 3024 ed.
897 2993 933 3039 pr.
946 2981 1047 3039 quotiens
1057 2975 1146 3024 Zulieh.

99 3069 199 3102 curruus
209 3063 266 3100 vett.
277 3051 347 3113 apud.
359 3053 433 3107 Pien,
446 3064 472 3096 ut
483 3067 534 3113 sup.
545 3069 566 3098 v.
580 3052 634 3113 671.
647 3067 728 3097 cursus
738 3066 784 3096 sec.
794 3051 877 3096 Mores.
889 3052 979 3094 recessit
988 3046 1046 3093 alter
1052 3048 1144 3110 Menag.

99 3149 132 3162 -
141 3121 194 3179 486.
207 3123 263 3186 quid
269 3137 335 3186 aqam
349 3120 389 3168 alii
398 3121 461 3183 apud
470 3125 533 3168 Serv.
544 3137 572 3167 ex
582 3123 657 3168 AEneae
668 3137 775 3184 persona.
785 3145 816 3155 -
823 3119 876 3180 487.
887 3121 961 3164 animo
970 3128 1022 3163 tert.
1035 3117 1144 3163 Rottend.

99 3218 133 3231 -
142 3192 196 3256 489.
210 3192 254 3239 levi
263 3205 332 3238 curru
341 3194 415 3254 Bigot.
430 3203 452 3238 et
463 3209 499 3255 pr.
513 3193 595 3238 Hamb.
612 3191 655 3237 levi
667 3207 735 3237 cursu
752 3190 812 3236 Gud.
830 3201 853 3235 et
866 3188 907 3234 alii
925 3187 989 3250 apud
1003 3189 1081 3233 Burm.
1092 3203 1147 3234 eum

99 3264 170 3313 Goth.
183 3281 228 3312 sec.
243 3263 297 3311 leurs
308 3258 355 3311 lato
363 3264 422 3310 alter
433 3265 515 3310 llamb.
524 3265 620 3328 profixo
631 3263 690 3311 alter
696 3261 793 3325 Meuag.
806 3261 871 3320 conl,
881 3262 931 3314 Isin.
944 3257 985 3304 lib.
997 3260 1026 3315 V,
1040 3259 1093 3321 557.

118 3399 598 3472 lssosteeeonserremanumpats'tur5
639 3402 710 3472 jecta
721 3415 771 3468 per
781 3394 890 3467 agmina
901 3395 1030 3464 impetum
1041 3397 1142 3447 ruentis

100 3497 163 3532 oum
181 3481 280 3544 AEuea,
297 3482 334 3531 ait
350 3481 422 3532 Serv.
442 3483 512 3533 Nam
532 3481 598 3533 alios
644 3495 736 3532 currus
749 3475 885 3540 declarat,
900 3492 953 3544 quo
967 3472 1088 3544 dissipati
1101 3494 1151 3526 oe··

99 3559 280 3631 persequitur.
290 3587 325 3597 -
334 3559 394 3625 481.
407 3561 444 3611 Ut
454 3559 538 3632 legere
549 3579 600 3612 ves-
643 3558 710 3609 dunt
720 3555 836 3608 ordines.
845 3583 879 3593 -
889 3553 949 3619 483.
961 3553 1020 3620 484.
1032 3554 1144 3621 Quoties

101 3636 168 3710 tiqia
177 3673 186 3700 ,
209 3653 283 3700 oras,
304 3637 375 3702 vias,
395 3652 435 3690 est
454 3641 598 3710 persequi,
645 3657 659 3690 e
675 3638 823 3708 longinquo
840 3633 958 3684 Turnum
975 3634 1150 3687 animadver-

101 3719 140 3768 sio
153 3715 217 3787 leqt't
230 3714 258 3766 lt.
273 3715 290 3766 l.
306 3717 403 3768 AEneas
419 3728 496 3770 tortos
513 3719 598 3784 orbes,
645 3729 714 3770 terat
726 3733 840 3785 eumque
851 3714 1042 3785 insequebatur
1049 3716 1105 3779 sio,
1114 3727 1144 3765 ut

102 3796 226 3867 obliquas
237 3807 264 3847 et
273 3796 415 3867 implicitas
425 3799 496 3863 vias,
504 3809 533 3850 ut
542 3797 601 3850 Ser·
641 3799 697 3867 jam
707 3793 816 3866 aggredi
825 3793 905 3846 vellet
918 3807 967 3846 etc.
982 3805 1081 3847 tentare
1089 3793 1116 3844 h.
1124 3795 1142 3844 l.

102 3877 139 3928 vii
150 3875 237 3928 verbis
249 3865 310 3928 utar
323 3873 372 3944 (ef.
385 3876 433 3928 inf.
448 3877 529 3948 743),
539 3897 601 3949 per·
643 3895 694 3947 pro
709 3875 831 3944 assequi,
848 3876 993 3945 attingere:
1006 3873 1099 3926 saltem
1115 3875 1144 3923 in

103 3967 173 4008 errat
189 3973 220 4008 ao
235 3967 403 4028 pervagatur.
421 3985 457 3998 -
472 3955 533 4023 481.
553 3957 602 4012 dir
645 3975 677 4010 eo
687 3951 1087 4026 esse,utassequatur.Videtur
1097 3969 1156 4008 aua.
