2690 4598
215 301 257 372 56
470 297 1011 372 P.-v1uG1L11n1t1t01tts

155 486 159 496 ,
217 427 341 519 Injieit‚
355 443 388 492 et
399 427 483 492 saltu
495 449 594 515 supra
605 426 767 498 venabula
779 428 902 493 fertur:

217 528 317 598 Haud
329 532 422 597 aliter
429 532 561 623 juvenis
573 531 701 598 medios
712 533 892 598 moriturus
905 533 939 595 in
950 531 1054 596 hostis

217 641 339 719 Inruit3
354 655 400 720 et,
415 662 479 728 qua
491 639 555 704 tela
565 639 657 704 uidet
669 638 876 719 densissima,
888 638 1006 704 tendit.

218 748 273 825 At,
287 744 428 833 pedibus
440 746 538 832 louge
549 745 668 809 melior
680 748 802 835 Lycus,
815 747 902 810 iuter
913 761 946 809 et
958 745 1076 824 hostis,

217 851 310 914 Inter
323 867 355 915 et
368 873 471 930 arma,
485 851 561 938 iuga
574 872 686 915 muros
699 865 803 930 tenet,
817 851 947 939 altaque
960 865 1063 915 certat

216 957 383 1022 Prendere
395 973 483 1050 teoto
492 979 607 1037 manu,
621 959 816 1046 sociumque
827 956 996 1046 adtingere
1009 956 1151 1023 dextras.

217 1063 326 1143 Quem
339 1065 487 1141 Tumus‚
501 1064 624 1150 pariter
635 1085 734 1128 cursu
745 1063 879 1152 teloque
892 1079 1037 1142 secutuS,

216 1169 371 1256 Increpat
381 1168 433 1232 his
446 1169 567 1232 victor:
585 1184 781 1232 «nostraene
794 1165 948 1244 evadere,
962 1165 1114 1246 domena,

219 1274 362 1361 Sperasti
377 1290 410 1337 te
422 1293 519 1360 posse
532 1273 667 1336 manus?
680 1301 693 1330 ³>
708 1272 807 1337 simul
816 1271 938 1360 adripit
949 1274 1059 1358 ipsum

216 1377 440 1458 Pendentem,
453 1395 486 1441 et
498 1401 614 1465 magna
626 1378 712 1442 muri
725 1400 801 1443 cum
813 1394 905 1466 parte
918 1377 1062 1443 revellit:

214 1484 343 1566 Qualis,
358 1481 416 1545 ubi
427 1499 484 1546 eut
496 1483 658 1570 leporem,
672 1499 729 1548 aut
740 1482 894 1548 candenti
907 1506 1045 1571 corpore
1059 1506 1215 1572 cycnum,

212 1588 351 1654 Sustulit
361 1588 425 1650 alta
437 1603 552 1675 petens
564 1587 707 1676 pedihus
719 1591 737 1652 J
740 1590 810 1654 ovis
822 1590 965 1678 armiger
976 1590 1086 1670 uncis;

213 1695 397 1776 Quaesitum
408 1710 465 1757 aut
476 1694 572 1759 matri
584 1693 697 1760 multis
708 1695 871 1762 balatibus
882 1719 1005 1784 agnum
1214 1709 1256 1756 stt

245 1871 297 1918 556.
306 1873 329 1917 It
334 1887 370 1933 pr.
378 1872 462 1917 Moret.
472 1869 551 1918 mehor
558 1867 621 1936 longe
628 1871 719 1936 aliquot
725 1873 897 1935 llum-557.
904 1876 1044 1936 murospett't
1049 1870 1193 1918 ert-⁵58.
1202 1873 1258 1917 Petu·

214 1943 268 1988 dere
275 1942 345 1988 Goth.
351 1958 386 2004 pr.
393 1943 492 2005 pondere
500 1955 552 1988 tert.
560 1959 617 1988 saxo
624 1959 693 1988 manu
702 1959 738 2006 pr.
745 1943 830 1989 Moret.
838 1959 891 1991 cum
901 1943 948 1988 Eri.
955 1977 963 1998 ‚
970 1944 1035 2006 quod
1041 1943 1163 2004 praeferret
1169 1943 1260 1992 Burm,

213 2015 232 2058 si
240 2015 264 2058 iu
272 2013 378 2076 pluribus
386 2026 474 2059 extaret
482 2030 488 2059 z
496 2029 549 2059 nam
558 2021 615 2060 tectu
625 2014 654 2060 de
662 2017 734 2060 muris
741 2026 881 2074 castromm,
889 2026 913 2061 et
919 2016 1069 2060 munimentis
1077 2013 1199 2060 insolitum
1207 2013 1259 2057 die'r

210 2078 229 2129 f.
241 2093 311 2146 septa.
324 2082 430 2129 Debebat
439 2096 517 2128 tamen
528 2084 660 2131 concedere
669 2083 714 2130 hoc
724 2095 812 2145 poetae,
823 2095 850 2130 ut
860 2085 920 2129 muri
930 2097 1041 2128 summam
1051 2093 1141 2144 partem
1152 2081 1195 2127 hac
1204 2096 1259 2128 voce

211 2153 352 2209 declararet,
365 2155 399 2198 uti
410 2168 463 2198 mox
474 2171 496 2199 r.
510 2154 554 2201 568
565 2154 595 2200 de
608 2154 791 2218 eademfostr'pet
799 2155 866 2200 dixit.
874 2156 922 2200 Nec
930 2163 1078 2200 mtuostecto
1087 2163 1151 2198 tutos
1160 2153 1259 2212 cogitare

214 2222 274 2272 adeo
286 2223 398 2269 absonum
410 2234 452 2269 est.
464 2224 545 2270 dextra
555 2223 614 2272 alter
625 2225 708 2271 Hamb.
721 2237 744 2271 et
755 2227 821 2272 Rom.
834 2225 919 2270 dextras
933 2224 980 2270 arf.
992 2247 1023 2258 —
1035 2222 1088 2283 559.
1100 2237 1170 2266 cursu
1178 2224 1262 2284 puriter

217 2297 309 2338 tumus
318 2291 387 2337 Goth.
395 2303 461 2347 tert,
476 2308 518 2338 nec
531 2296 665 2342 insuaviter.
676 2321 709 2331 -
721 2295 773 2359 562,
782 2297 906 2341 tendentem
916 2311 951 2358 pr.
960 2295 1045 2340 Moret.
1055 2295 1116 2337 muri
1124 2307 1206 2356 magam
1213 2291 1258 2336 Eri.
1333 2299 1334 2330 1

212 2359 307 2406 revulsit
319 2362 372 2406 Ere.
382 2363 461 2406 turm.
474 2374 497 2408 et
508 2364 606 2411 Parthas
618 2390 650 2400 -
662 2365 714 2411 563.
732 2375 773 2411 aut
787 2378 840 2412 ante
854 2365 950 2429 leporem
964 2364 1028 2409 abest
1040 2362 1104 2424 apud
1114 2361 1218 2407 Macrob.
1230 2361 1259 2418 V,

214 2449 251 2478 12.
267 2433 399 2478 candentem
413 2448 505 2494 corpore
522 2451 534 2480 e
546 2436 615 2483 codd.
628 2435 688 2481 Coll.
701 2439 749 2483 Jes.
761 2439 851 2498 recepit
863 2433 1002 2481 Wakefield.
1014 2435 1043 2478 Et
1053 2444 1087 2479 est
1099 2446 1155 2478 sane
1168 2431 1259 2492 elegans

211 2501 291 2550 lectio.
304 2529 335 2540 -
346 2503 399 2550 565.
412 2507 490 2551 matn‘s
506 2507 571 2552 Rom.
585 2520 609 2554 et
618 2509 685 2555 Poro.
703 2507 767 2572 apud
782 2509 842 2554 Pier.
859 2509 966 2571 quinque
980 2507 1072 2560 Burm,
1088 2505 1169 2549 minut
1183 2502 1258 2548 docte.

210 2658 284 2699 extre
293 2647 405 2714 vallum,
418 2649 570 2702 desilientes
581 2649 650 2715 duo,
659 2653 711 2704 He·
759 2669 799 2704 nu
810 2643 949 2722 superiora
961 2651 1046 2712 muri,
1062 2659 1092 2699 ut
1109 2647 1180 2699 saltu
1191 2662 1219 2696 se
1230 2644 1256 2693 in

209 2724 286 2779 lenor
297 2741 323 2780 et
336 2729 436 2799 Lycus,
453 2731 481 2779 in
494 2729 583 2781 medio
593 2727 710 2780 hostium
760 2731 843 2783 altum
866 2731 995 2792 libraret3
1019 2740 1044 2781 et
1070 2745 1167 2799 magua
1189 2722 1258 2774 muti

208 2809 308 2858 versari
321 2824 348 2858 se
357 2807 492 2859 videbant.
503 2807 578 2858 Alter
589 2807 707 2878 Lyeaste.
758 2799 818 2862 eum
827 2821 921 2882 parte,
936 2810 975 2860 uti
991 2809 1097 2860 Homer.
1114 2807 1131 2857 l.
1147 2825 1170 2857 e.
1184 2803 1257 2855 irret-

209 2883 262 2936 556
275 2903 330 2956 seq.
344 2889 372 2936 iu
386 2903 508 2956 aggerem
519 2897 545 2936 et
554 2902 659 2936 murum
672 2888 710 2937 vi·
757 2890 793 2955 ξιν
807 2885 860 2942 imit
876 2887 941 2957 χερσὶ
958 2887 1090 2956 ηιβιριῖσιι
1102 2872 1189 2950 ‘'Etx',
1205 2881 1219 2934 ti
1233 2882 1258 2930 ἴ

207 2963 286 3018 brato
297 2967 324 3016 in
337 2965 420 3017 altum
436 2983 550 3035 corpore
566 2965 708 3018 escendere
757 2965 840 3020 immo
851 2967 921 3019 πιῖσιι
937 2961 1069 3034 dimouit.

207 3045 703 3118 eonatur,utseintraurbemreeipiat.
790 3039 1255 3116 563.564.Qualisubiautlepotem‚

207 3124 250 3175 Ad
270 3125 303 3178 55
309 3143 317 3176 t
342 3144 397 3197 seq.
413 3124 610 3196 comparandus
626 3126 702 3178 Iliad.
753 3138 815 3193 aut,
828 3140 878 3180 eto.
896 3126 1051 3179 Laudentur
1066 3121 1143 3174 Iliad.
1159 3121 1190 3188 ξ,
1205 3119 1254 3173 308

205 3204 285 3270 Mt
302 3220 359 3273 sqq.
375 3227 405 3264 υ,
429 3205 477 3271 164
490 3223 548 3275 sqq.
569 3205 640 3256 coni.
654 3207 702 3257 inf.
753 3223 808 3277 seq.
830 3218 856 3258 et
874 3217 1065 3277 comparantur
1081 3219 1143 3254 eum
1163 3199 1205 3253 his
1222 3198 1254 3251 ab

208 3283 273 3346 ΧΗ,
286 3283 349 3352 isq.
362 3283 439 3334 Silius
449 3285 488 3349 X,
505 3302 514 3335 1
531 3303 589 3356 sqq.
600 3313 634 3323 -
645 3285 703 3354 557.
755 3287 842 3358 intpp.
858 3285 920 3338 iude
940 3305 956 3339 e
972 3283 1130 3343 Macrohi03
1147 3299 1199 3333 nee
1214 3291 1256 3330 tae

206 3359 704 3432 Murumhumilemfuissenecesseest,
750 3383 814 3416 *men
839 3368 982 3438 quiequam
1011 3364 1124 3434 amplius
1155 3361 1193 3412 ibi
1216 3368 1255 3411 est

208 3439 295 3511 qualis
311 3451 350 3490 est
366 3441 521 3494 Homericus
533 3462 637 3511 murus,
658 3463 705 3497 seu
754 3435 834 3514 quam
844 3443 934 3516 aquila
946 3459 1039 3516 petens
1048 3445 1136 3495 moise
1147 3434 1252 3507 tapnim

206 3518 306 3570 vallum
322 3515 498 3584 Achivorum,
517 3524 592 3591 cujus
608 3525 704 3593 pinnas
752 3531 781 3575 tu
796 3543 860 3576 vero
878 3527 948 3576 coni.
967 3524 1042 3578 iliad.
1053 3545 1081 3592 p,
1098 3522 1151 3591 674
1170 3539 1211 3592 sq.
1229 3531 1254 3571 et

206 3595 345 3666 Sarpedon
353 3614 432 3646 mauu
443 3599 567 3651 convellit
575 3624 581 3651 ι
590 3599 664 3652 lliad.
672 3621 702 3666 μ,
752 3606 979 3676 comparationem
991 3623 1053 3657 oum
1069 3602 1178 3674 aquila,
1196 3617 1252 3672 que

205 3675 338 3744 397.tecta
346 3691 395 3743 pro
403 3675 465 3726 valli
474 3681 702 3750 superioreparte,
752 3701 848 3755 cycnos
867 3686 969 3736 invadit
985 3682 1060 3736 lliatl.
1075 3703 1099 3746 t,
1121 3682 1175 3750 690
1196 3697 1251 3749 seq.

205 3766 235 3804 ut
252 3772 277 3804 v·
299 3753 349 3805 568
365 3753 477 3825 fastigia
485 3792 497 3820 ,
518 3758 590 3828 opud
610 3758 703 3812 Silium
752 3763 831 3829 Quod
841 3784 904 3818 vero
913 3765 948 3818 ad
959 3783 997 3816 vs.
1009 3763 1068 3817 565.
1077 3760 1155 3814 Iliad.
1167 3781 1191 3822 s,
1203 3761 1248 3813 162

202 3832 251 3883 vn
258 3871 266 3898 ‚
280 3833 331 3885 603
344 3832 393 3905 qui
406 3849 523 3886 summas
533 3835 587 3888 olto
597 3856 704 3908 prensa·
752 3845 961 3914 comperandum
973 3855 1139 3907 memorant,
1155 3860 1249 3914 perpe-

206 3911 251 3962 bat
270 3912 299 3962 in
322 3928 415 3983 aqqere
430 3911 544 3981 pinnas,·
567 3914 630 3968 ltine
651 3917 700 3971 562
751 3940 809 3974 ram
831 3925 942 3976 iaciunt.
961 3953 997 3964 -
1014 3921 1129 3974 Martius
1153 3918 1246 3992 lupus,

202 3991 375 4060 pendentem,
386 4009 448 4046 uem
460 3993 637 4063 prehenderet
649 4017 702 4056 ma·
751 3999 834 4061 Marti
844 4019 933 4070 secem
946 4001 1015 4060 mele
1028 4001 1107 4056 aliter
1118 3998 1174 4054 alii.
