2724 4600
347 255 582 322 anemos
606 256 759 322 trena
781 227 821 327 x.
1047 268 1122 356 159‘

63 379 232 470 Fulgentis
244 378 357 466 clipei,
373 394 444 443 tum
456 379 575 442 laevum
587 379 733 466 perforat
745 383 882 471 inguen3

63 488 227 552 Excussus
240 508 339 550 curru
351 483 571 550 moribundus
583 484 726 550 volvitur
737 491 832 554 arvis.
1065 507 1110 566 590>

62 593 170 672 Quem
182 592 258 680 pius
270 593 387 656 AEneas
401 589 495 654 dictis
507 589 638 654 adfatur
648 594 766 658 amaris
778 618 785 657 ε

66 727 79 755 a
94 700 240 784 Lucage,
253 697 345 762 nulla
357 713 432 761 tuos
444 719 559 773 currus
573 697 649 784 fuga
662 698 769 786 segnis
782 721 945 788 equorum

62 801 228 882 Prodidit,
241 818 297 866 aut
308 823 400 866 vanae
412 818 540 866 vertere
553 825 593 866 ex
604 801 753 869 hostibus
766 806 905 890 umbrae;

64 909 140 995 lpse
152 909 233 973 rotis
246 907 363 972 saliens
372 907 452 996 juga
465 906 599 972 deseris.
614 936 627 965 a
644 910 723 974 Haec
735 910 780 974 ita
792 913 878 978 fatus

63 1011 218 1101 Adripuit
228 1011 358 1101 bijuges
370 1034 377 1074 :
391 1013 492 1076 frater
504 1011 660 1077 tendebat
672 1014 814 1088 inermes

66 1119 184 1182 Infelix
196 1118 335 1206 palmae,
350 1136 449 1183 curru
462 1115 615 1206 delapsus
628 1117 766 1184 eodem:

68 1252 81 1280 a
96 1225 159 1287 Per
169 1240 217 1302 te,
230 1247 291 1313 per
304 1225 406 1314 quite
419 1223 517 1288 talem
530 1246 674 1311 genuere
686 1242 853 1313 parentes,

64 1330 124 1392 Vir
135 1329 294 1418 Trojano,
307 1330 378 1396 sine
390 1329 476 1394 banc
487 1331 644 1410 animam,
658 1346 691 1394 et
701 1332 858 1398 miserere
869 1338 1042 1422 precantis.
1058 1367 1072 1397 r

65 1434 218 1500 Pluribus
230 1437 336 1500 oranti
348 1439 465 1499 AEneas
477 1458 484 1497 ε
502 1465 515 1494 a
527 1435 616 1500 baud
628 1436 703 1500 talia
716 1436 844 1502 dudum

66 1541 160 1605 Dicta
174 1540 289 1620 dabas3
302 1563 445 1619 morere,
460 1557 492 1604 et
504 1541 638 1606 fratrem
651 1565 693 1606 ne
706 1540 821 1608 desere
834 1546 943 1610 frater.
959 1577 972 1608 n
1064 1563 1109 1613 θοι)

5 1711 7 1718 ,
65 1648 153 1710 Tum
165 1645 305 1710 latebras
316 1647 433 1712 animae
445 1664 561 1733 pectus
573 1669 733 1712 mucrone
746 1648 895 1714 recludit.

66 1752 157 1816 Talia
170 1774 231 1840 per
242 1773 375 1839 campos
389 1750 508 1814 edebat
520 1753 637 1816 funera
650 1753 769 1817 ductor

65 1855 266 1937 Dardanius,
281 1857 436 1928 torrentis
448 1879 556 1946 aquae,
570 1859 624 1924 vel
636 1857 775 1932 turbinis
788 1860 851 1932 atri

96 2055 149 2115 ⁵9⁰·
166 2052 265 2099 velvitur
275 2053 353 2118 eqmen
365 2051 462 2100 Mediol.
477 2053 518 2098 Ed.
536 2069 569 2088 —·
581 2051 634 2113 591.
651 2051 723 2111 Quem
735 2057 799 2117 prius
810 2053 964 2100 emendatio.
976 2053 1112 2118 Schrader.,

66 2125 131 2188 quod
140 2141 183 2186 per
194 2141 218 2171 se
228 2140 276 2170 non
288 2124 381 2170 malum.
395 2124 482 2187 ttfjsattu
494 2124 591 2170 Dorvill.
608 2150 639 2158 -
659 2126 711 2185 59²·
729 2127 781 2170 Huc
797 2139 837 2189 ape
849 2125 964 2171 Rufinian.
976 2127 1005 2172 de
1020 2128 1111 2176 Schem.

64 2197 180 2241 Dianoeas.
201 2195 243 2239 Ed.
266 2207 310 2241 vet.
326 2221 357 2230 —
375 2195 427 2256 593.
450 2194 551 2240 Perdidit
572 2195 631 2239 Vcn.
652 2195 768 2240 aduertere
792 2195 857 2240 beid.
879 2221 910 2232 —
931 2198 983 2258 595.
1006 2199 1114 2263 Abriput‘t

66 2265 133 2312 leid.
152 2267 246 2328 Menag.
264 2281 300 2328 pr.
323 2279 345 2311 et
359 2267 412 2311 Ere.
427 2267 552 2311 Burmann.
572 2265 655 2330 bijuqes
675 2269 744 2312 etiam
764 2265 803 2312 bic
822 2265 891 2312 Goth.
910 2283 956 2313 aec.
975 2271 1055 2316 inertes
1076 2271 1113 2318 vel

66 2341 144 2383 therba
163 2336 254 2400 aliquot
272 2339 344 2394 Pien,
365 2339 426 2383 inter
441 2353 500 2401 qnos
518 2337 598 2393 Rom„
615 2349 638 2383 et
657 2339 735 2384 Heius.
750 2339 801 2385 lere
817 2353 910 2400 omne-t,
926 2341 998 2400 ¹tetiam
1014 2342 1113 2402 Medic„

65 2407 131 2454 baud
147 2408 219 2454 dubie
235 2408 364 2470 elegantius
380 2407 467 2464 altero,
488 2410 531 2454 etti
548 2420 617 2454 tentu
633 2408 724 2454 eodem.
745 2410 788 2454 liic
808 2421 885 2454 tamen
905 2409 1000 2456 Heinsio
1019 2413 1113 2459 inermes

67 2482 139 2541 magia
153 2479 286 2526 arridebat:
305 2493 408 2524 cainam
425 2493 474 2522 non
489 2477 593 2540 adJ'ecit:
612 2480 656 2524 nisi
672 2477 732 2524 sorte
749 2475 847 2524 alterum
865 2481 964 2525 servavit
979 2479 1046 2526 alteri
1061 2481 1114 2528 loco

67 2551 107 2596 tut.
125 2551 168 2604 XI,
188 2547 246 2606 (trit,
265 2562 289 2596 et
304 2561 380 2612 potest
395 2548 440 2595 boc
457 2551 534 2612 urgeri
550 2565 555 2594 :
573 2549 637 2612 quod
653 2552 722 2612 Liger
738 2553 817 2612 auriga
830 2566 903 2613 equos
915 2551 1023 2613 repebat,
1042 2553 1115 2600 adeo-

67 2637 113 2682 que
133 2623 183 2678 tiue
202 2624 271 2666 arania
292 2632 348 2666 erat.
364 2645 396 2656 -
413 2619 465 2680 596.
484 2617 572 2666 delatus
593 2623 668 2682 Sprot.
690 2637 734 2682 pro
753 2635 800 2666 var.
823 2619 877 2666 lect.
896 2620 923 2664 lu
939 2620 1059 2666 nonnullis
1076 2626 1116 2668 in-

66 2705 154 2737 sertum
175 2705 271 2740 testatur
289 2705 341 2756 poet
359 2692 421 2738 bunc
441 2693 588 2737 Burmannus
608 2706 700 2738 versum
725 2694 824 2753 pessime
850 2707 931 2740 cusum
957 2691 1114 2755 Tendelatque

69 2760 123 2806 tutet
142 2759 177 2807 illi
193 2763 220 2808 de
236 2770 326 2825 pecore
339 2776 411 2808 voret.
431 2786 461 2796 -
479 2763 531 2822 597.
548 2761 590 2806 Per
609 2763 684 2824 quite
699 2759 898 2824 tuntitolemp.p
920 2762 1004 2805 Donat.
1023 2764 1048 2804 in
1067 2763 1116 2807 Te·
1158 2793 1161 2798 -

68 2847 128 2878 rent.
141 2837 183 2897 qni
194 2837 251 2880 tanti
265 2831 331 2878 talem
343 2851 365 2897 9.
381 2831 458 2879 Schol.
475 2831 568 2897 Horat,
585 2845 608 2878 et
624 2832 687 2877 idem
704 2831 750 2877 alio
763 2831 830 2877 loco:
842 2833 938 2876 AEneam
952 2834 1007 2874 tanti
1019 2829 1085 2876 talem
1092 2849 1116 2896 q.

68 2905 147 2951 Fuisse
156 2903 194 2950 bic
201 2908 252 2966 jam
261 2907 389 2967 antiquitus
399 2903 489 2967 aliquid
498 2903 617 2949 turbatum
626 2903 786 2965 suspicabatur
793 2903 872 2962 Heius.
880 2899 965 2946 illelius
972 2903 1049 2945 Burm.
1058 2903 1117 2948 vidit

68 2975 176 3022 homines
191 2979 247 3022 ittet
262 2975 394 3022 confudisse
409 2991 461 3021 cum
478 2975 636 3021 bivernum
654 2977 702 3018 AEn.
716 2975 741 3028 l,
757 2973 810 3018 606.
821 2979 914 3035 perunte
923 2988 937 3014 n
954 2969 1024 3015 Goth.
1036 2987 1072 3032 pr.
1084 2996 1117 3010 .-

5 3071 6 3076 =
70 3045 123 3106 598.
135 3055 158 3090 et
167 3045 232 3092 abest
243 3045 312 3090 Goth.
325 3055 378 3090 tert.
388 3049 436 3091 sote
445 3043 503 3090 tam
513 3048 624 3100 animm,
634 3058 695 3089 novo
706 3041 826 3104 exemplo,
841 3041 902 3095 iere,
915 3051 941 3084 ut
953 3036 988 3101 ἕξιν
1001 3043 1116 3097 occurrit;

68 3134 89 3162 r.
102 3133 124 3162 c.
144 3107 232 3178 Ἕκτωρ
244 3111 267 3161 δ’
280 3111 531 3177 transmontanis
546 3113 574 3160 le
586 3113 636 3161 οὐδ’
648 3109 750 3176 ὄνάριζον.
763 3115 800 3159 Sic
815 3114 839 3157 b.
852 3111 868 3156 1.
889 3113 958 3156 vitam
970 3109 1028 3155 mibi
1042 3111 1116 3156 relin-

68 3203 130 3250 que,
141 3203 186 3233 nec
197 3191 271 3250 eripe.
281 3213 313 3224 -
321 3189 375 3235 600.
385 3197 408 3234 et
416 3189 481 3234 abett
493 3187 530 3234 ed.
541 3185 638 3233 Mediol.
652 3197 675 3232 et
685 3185 747 3231 binis
757 3184 826 3230 Goth.
839 3197 884 3228 non
893 3183 969 3226 desere
980 3181 1028 3228 duo
1036 3185 1116 3228 Burro.

68 3283 99 3294 -
111 3259 165 3304 601.
177 3259 273 3306 recludit
281 3259 319 3307 vel
328 3259 420 3306 resoluit
427 3276 462 3322 pr.
472 3259 555 3307 llamb.
568 3284 596 3294 -
612 3257 667 3305 ⁶02.
681 3256 762 3302 ductor
772 3255 916 3317 probatiores
927 3253 988 3298 Pier.
1001 3265 1025 3299 et
1036 3253 1116 3300 Heint.

69 3327 114 3374 Alit
125 3329 179 3374 edd.
191 3341 215 3374 et
223 3331 304 3392 scripti
315 3332 397 3386 vtetur,
408 3342 433 3376 ut
445 3329 515 3376 Goth.
528 3345 564 3393 pr.
577 3341 601 3374 et
612 3340 665 3390 tert.
678 3342 731 3372 cum
742 3326 789 3372 aas.
798 3351 830 3362 -
839 3323 892 3370 603.
903 3323 1026 3368 Dardanus
1037 3333 1060 3369 et
1073 3323 1118 3370 ali·

71 3487 148 3543 hasta
162 3492 251 3561 ipsum
269 3492 406 3544 bubonem
423 3490 571 3562 transfigi13
615 3490 689 3542 hosti
700 3490 831 3560 antiago,
843 3499 890 3539 aut
902 3487 1116 3540 consternatione

71 3582 207 3623 utcontra
220 3572 505 3644 superioreclipeiora
516 3570 574 3622 vul*
619 3587 758 3642 equorum.
773 3565 848 3619 nulla
855 3566 924 3638 supa
942 3565 1025 3636 sepitis
1040 3581 1118 3637 equo·

70 3663 121 3700 nus
130 3652 296 3704 inferebatur
308 3670 391 3722 supra
402 3667 439 3702 vs.
449 3651 516 3720 476,
527 3649 574 3701 ubi
620 3669 679 3701 rum
700 3667 736 3701 sc.
759 3648 883 3718 quoniam
896 3645 946 3696 bos
962 3645 1119 3697 incitaverat

73 3747 98 3780 v.
119 3731 181 3781 Var.
199 3731 271 3802 beet.
283 3761 318 3770 —-
328 3731 387 3800 591.
400 3730 461 3801 pius
473 3729 576 3800 cpitbe·
619 3748 645 3781 v.
659 3728 710 3780 586
718 3743 817 3798 pronus
828 3725 855 3776 in
866 3724 977 3778 vertera.
988 3735 1119 3776 autvanoe

73 3821 117 3860 tou
127 3809 228 3862 nullam
236 3811 289 3862 vim
297 3810 387 3862 habet.
397 3808 574 3882 SuperAEneae
621 3807 719 3860 umbra
739 3804 858 3875 exemplo
882 3801 986 3874 Niphaei
1005 3821 1029 3854 v.
1051 3801 1119 3871 572,

74 3888 267 3944 inhumanitate
285 3892 357 3942 conf.
373 3909 431 3961 sup.
450 3890 522 3941 dicta
541 3887 576 3942 ad
621 3889 686 3959 573,
699 3885 763 3956 574,
776 3885 823 3936 sed
836 3895 931 3955 sponte
943 3881 1071 3934 desiluisti
1084 3881 1118 3933 de

76 3985 100 4017 v.
119 3967 178 4022 520.
189 3996 224 4010 -
235 3968 294 4040 592.
319 3969 381 4023 Non
403 3967 526 4041 proditus
542 3983 575 4026 et
620 3986 709 4022 curru.
723 3965 820 4020 Similis
832 3979 980 4025 sarcasmus
988 3961 1065 4016 Iliad.
1080 3979 1101 4012 rr
1107 3997 1118 4026 ,
