2690 4596
234 295 297 372 402
397 278 653 348 excursus
676 279 706 343 v
729 280 792 344 An
817 281 1009 350 nissnuM
1031 287 1118 354 xii.

336 409 406 462 Tum
416 423 510 460 munus
520 405 653 470 Ausonia,
666 415 692 456 et
704 415 796 476 gentes
808 421 905 458 venere
914 395 1032 472 'Sicunae;

338 489 438 560 Saepius
451 499 478 540 et
488 504 585 538 nomen
597 486 690 556 posuit
701 483 825 536 Saturnia
837 484 923 538 tellus.

337 571 407 622 Tum
418 587 507 641 reges,
521 583 652 637 asperque
665 566 775 618 immani
787 583 900 639 corpore
911 567 1021 640 Tybris,

338 648 362 700 Δ
373 666 426 720 quo
438 660 501 719 post
512 645 573 697 ltnli
585 655 633 697 eto.

230 767 298 820 Etsi
311 783 429 838 queres,
452 783 505 836 quo
518 783 580 836 rege
593 763 649 836 geri
663 759 734 815 bella
745 763 897 832 potuerint,
913 763 1006 815 Picum
1021 764 1198 839 designavit3
1212 772 1295 826 Picus

231 866 329 921 equum
343 846 471 910 domitor,
484 844 546 910 VII,
564 845 621 914 189.
634 845 727 913 ltaque
740 841 827 894 Latini
840 841 908 895 adeo
919 844 989 897 inter
1003 847 1125 919 populos
1142 850 1291 906 bellicosos

229 927 325 982 habiti.
341 924 423 998 Apud
432 924 571 992 Ovidium,
583 923 653 976 libro
663 924 699 974 111
710 925 865 988 Fastorum,
879 941 912 995 79
925 942 1001 996 seqq.

337 1045 370 1098 Et
380 1057 469 1098 tamen
482 1055 543 1097 ante
556 1061 648 1096 omnes
660 1044 774 1094 Martem
786 1043 893 1095 coluere
906 1045 1010 1115 priores
1023 1067 1030 1096 :

370 1126 429 1177 Hoc
440 1123 553 1178 dederat
564 1122 660 1176 studiis
672 1120 769 1176 bellice
781 1121 861 1174 turba
873 1125 936 1174 suis.

336 1275 409 1328 Mare
419 1275 497 1328 Latio
510 1272 679 1326 venerandus
692 1285 764 1340 erat,
776 1273 840 1342 quie
851 1271 977 1342 presidet
989 1275 1072 1328 ermis
1084 1297 1091 1326 ι

372 1356 455 1410 Anno
465 1359 529 1410 ferae
541 1356 615 1428 genti
626 1371 736 1425 remque
749 1352 886 1424 decusque
899 1352 1010 1406 dabunt.

262 1466 344 1540 Apud
352 1467 520 1521 Macrobium
529 1467 576 1520 lib.
587 1469 632 1533 llI,
644 1469 690 1532 IV,
700 1467 724 1517 V
736 1478 762 1519 et
770 1467 816 1533 Vl,
828 1467 898 1518 inter
906 1465 1002 1520 laudes
1012 1479 1103 1540 poetae
1114 1470 1285 1540 immodicas,

230 1547 342 1618 sepeio
358 1546 525 1598 tenuioribus
544 1557 707 1617 occupatae,
724 1544 958 1616 reprehenduntur
976 1565 1087 1618 quoque
1105 1546 1184 1600 haud
1202 1570 1289 1622 pauca

230 1629 286 1680 tine
300 1625 398 1678 idonea
407 1629 527 1692 ratione,
540 1638 566 1678 et
577 1645 609 1678 ex
620 1626 767 1678 subtilitate
779 1628 953 1698 grammatico
966 1625 1057 1700 digna.
1070 1626 1141 1680 Sunt
1158 1641 1250 1682 tamen
1261 1633 1287 1684 in

125 1737 129 1744 ·
229 1707 272 1758 his
283 1704 426 1772 nonnulla,
440 1725 498 1778 quae
506 1705 592 1759 fundo
603 1725 652 1759 suo
663 1706 792 1760 destituta
804 1725 859 1758 nou
872 1719 949 1773 sunt,
960 1709 1011 1760 etsi
1020 1707 1151 1779 profecta
1160 1710 1287 1782 pleraque

172 1803 176 1810 ’
230 1805 320 1852 exeo,
336 1787 410 1858 quod
420 1800 504 1859 poetae
518 1787 593 1840 haud
604 1789 717 1860 contigit
733 1787 809 1859 operi
823 1787 944 1840 ultimam
957 1807 1068 1840 manum
1083 1787 1239 1844 admovere.
1249 1794 1288 1843 lta

230 1886 323 1920 verum
339 1880 397 1935 est,
412 1868 542 1941 quodlib.
555 1871 595 1935 V,
613 1869 643 1924 15
659 1881 800 1934 monetur,
815 1869 950 1921 nominari
962 1871 1066 1939 passim
1078 1872 1156 1922 viros
1168 1872 1250 1925 fortes
1262 1885 1289 1925 et

233 1950 339 2016 ornari,
355 1966 469 2019 quorum
480 1969 542 2003 mox
555 1951 624 2003 inter
640 1951 731 2022 praelia
744 1950 849 2004 nullum
857 1951 991 2023 ¹insignius.
1004 1952 1116 2004 facinus
1129 1970 1288 2007 commemo·

232 2039 324 2095 retur,
336 2040 366 2079 ut
377 2029 498 2082 virbium
508 2031 565 2082 AEn.
579 2032 643 2098 Vll,
660 2029 727 2102 752;
745 2042 771 2082 et
785 2028 961 2103 Cupauonem
972 2030 1015 2098 X,
1030 2030 1091 2083 186.

443 2757 547 2806 riuis
572 2758 809 2806 excursuuu
835 2729 883 2806 in
908 2759 1080 2809 murini.
