2690 4596
221 331 284 412 450
552 319 764 410 Mirum
788 319 935 388 vasu

219 459 315 520 Nunc
328 449 428 516 duros
440 447 550 540 Trojae
562 471 669 530 casus,
684 465 865 539 gentesque
877 449 1044 538 Pelasgas;

219 562 314 622 Nunc
327 557 396 620 fera
409 555 581 619 Laurentis
594 571 814 620 memorantes
826 555 937 643 praelia
949 580 1089 645 pugnae;

217 667 292 746 Quo
305 664 448 753 primum
462 660 593 725 diffuse
605 661 707 741 acies;
721 685 789 750 quo
801 662 864 726 tela
877 663 1022 727 vicissim

218 770 313 835 Pulsa
326 771 415 848 loco,
430 769 486 857 qui
499 768 626 857 primus
639 789 740 832 ovans
752 767 907 832 invaserit
918 791 1052 857 agmen,

218 877 497 963 Fulmineumque
509 871 629 938 ardens
642 875 676 936 in
689 896 776 962 equo
789 873 1004 940 madefecerit
1016 897 1148 940 ensem.
1236 891 1274 937 515

218 983 385 1071 Praecipue
399 983 482 1044 Tros
497 981 627 1058 AEneas,
642 985 819 1069 seniorque
833 981 982 1061 Latinus,

217 1093 416 1180 Magnorum
429 1091 577 1153 Heroum
591 1087 743 1176 Latiique
754 1087 889 1175 antiqua
901 1090 1048 1176 potentis

216 1197 316 1262 Gesta
328 1192 559 1272 recensebant,
573 1193 824 1280 fugientemque
837 1191 972 1256 horrida
985 1195 1054 1256 nati

216 1307 314 1368 Arma
326 1303 377 1366 sui
389 1301 565 1366 Saturnum
579 1299 668 1364 Italis
680 1298 813 1363 latuisse
826 1297 887 1363 sub
900 1299 966 1363 oris
979 1323 986 1361 :

216 1411 303 1476 Hinc
317 1408 446 1472 Latium
459 1406 593 1485 dixisse,
609 1427 779 1494 genusque
793 1405 826 1467 in
839 1405 1008 1469 montibus
1020 1404 1097 1470 altis

215 1513 449 1601 Composuisse
461 1533 596 1598 vagum,
610 1510 780 1599 legesque,
795 1526 827 1574 et
834 1509 910 1599 jura
922 1509 1070 1590 dedisse,

214 1623 257 1685 Et
269 1617 401 1696 Bacchi,
416 1632 449 1680 et
461 1615 596 1703 frugum
608 1616 716 1680 cultus
729 1639 735 1678 :
750 1614 871 1680 dehinc
883 1631 969 1680 tecta
981 1633 1140 1681 secutum

214 1729 294 1791 Esse
307 1739 442 1812 paterna
454 1721 473 1783 J
476 1743 573 1784 ovem
585 1743 592 1781 ι
607 1736 712 1809 utque
725 1721 853 1786 Electra
865 1709 1032 1786 Atlantide
1045 1739 1163 1787 cretus

214 1831 299 1896 Iasio
314 1826 415 1892 ldaeas
429 1849 513 1890 caeso
528 1825 677 1916 Phrygiae
689 1826 767 1891 isset
779 1825 821 1890 ad
833 1825 932 1889 urbes

214 1935 402 2012 Dardanus,
417 1956 456 1996 ex
469 1931 614 2021 Corytho
627 1932 731 1996 multa
744 1954 820 1997 cum
833 1948 931 2020 gente
943 1933 1134 2020 profectus,
1231 1947 1273 1994 525

216 2046 327 2134 thue
340 2040 503 2128 insignem
514 2039 673 2127 aquilam,
688 2037 778 2102 dono
792 2055 824 2101 et
835 2040 1025 2126 love-patre
1038 2039 1225 2127 superbus,

211 2215 320 2268 minisse
338 2212 444 2263 horret!
460 2237 495 2248 -
508 2206 568 2261 511.
584 2205 666 2258 Nunc
677 2206 756 2258 duros
769 2206 852 2277 Trojoe
867 2223 948 2258 casus.
963 2206 1051 2258 Locus
1069 2220 1199 2278 sumptus
1217 2208 1272 2260 exI

213 2294 283 2346 libro
295 2290 398 2342 AEneid.
415 2287 464 2354 752
478 2309 483 2338 :

318 2389 441 2438 Necnon
454 2397 481 2436 et
492 2383 567 2436 vario
580 2396 687 2436 noctem
699 2403 822 2438 sermone
835 2385 961 2438 trahebat

318 2464 413 2517 Infelix
424 2463 509 2527 Dido,
521 2462 686 2534 longumque
698 2463 809 2518 bibebat
822 2483 958 2528 amorem,

317 2543 404 2594 Multa
416 2559 497 2611 super
508 2541 612 2591 Priamo
625 2544 762 2614 rogitans,
776 2561 856 2615 super
869 2545 985 2596 Hectore
998 2543 1101 2607 multa,

319 2624 397 2674 Nunc
413 2619 510 2690 quihus
520 2620 631 2671 Aurorae
642 2622 758 2674 venisset
770 2621 839 2674 filius
853 2623 950 2686 armis,
963 2634 1014 2674 etc.

210 2725 277 2792 Quis
289 2741 352 2776 vero
364 2739 418 2772 non
432 2719 490 2786 liic,
504 2732 533 2770 ut
550 2718 613 2771 alibi
633 2723 748 2785 centies,
766 2722 876 2772 miretur
892 2721 1034 2772 imitatoris
1053 2722 1208 2788 inscitiam,
1224 2724 1268 2792 qui
1333 2723 1334 2740 ¹

210 2823 266 2856 non
278 2801 389 2854 senserit
401 2817 480 2870 quam
496 2801 586 2870 inepte
600 2799 633 2850 ad
644 2799 796 2851 Evandrum
808 2798 977 2866 traduceret,
996 2819 1055 2870 quas
1072 2803 1269 2852 convenienter

210 2883 278 2936 adeo
295 2881 393 2933 Didoni
411 2892 490 2949 poeta
508 2879 665 2931 adduxerit?
678 2908 713 2920 ·-
728 2881 787 2931 521.
805 2881 934 2951 Legesque
949 2891 976 2930 et
979 2882 1047 2950 jura
1063 2881 1175 2934 dedisse.
1190 2883 1267 2933 Maro

211 2976 300 3015 autem
311 2959 484 3013 dicitAEneid.
493 2962 551 3025 Vll,
564 2962 626 3021 203;
638 2962 775 3026 «Latmos,
787 2962 892 3014 Saturni
904 2973 1021 3032 gentem,
1034 2959 1110 3012 leand
1121 2961 1212 3014 vinclo
1222 2981 1269 3013 nec

209 3039 308 3108 leqibus
326 3057 429 3112 tequam
442 3057 472 3086 :u
488 3037 558 3090 idem
572 3051 660 3090 tamen
673 3051 814 3091 attestatur
825 3039 969 3092 Saturnum
986 3041 1024 3091 eis
1046 3039 1121 3112 leges
1144 3040 1269 3106 dedisse,

210 3117 313 3170 AEneid.
327 3119 404 3180 VllI,
417 3116 484 3186 3193

316 3224 418 3273 Primus
431 3222 465 3274 ab
478 3221 586 3275 aetherio
597 3227 671 3276 venit
682 3226 809 3278 Saturnus
821 3227 951 3298 Olympo,

316 3304 398 3356 Arma
409 3305 483 3354 Jovis
495 3304 617 3374 fugiens,
631 3319 656 3356 et
668 3309 755 3378 regnis
770 3306 829 3359 exul
842 3307 984 3377 ademptis.

316 3384 341 3432 Is
353 3400 437 3454 genus
449 3381 582 3448 indocile,
596 3403 627 3435 ac
640 3384 790 3454 dispersum
802 3385 936 3436 montibus
950 3385 1012 3438 ultis

272 3534 274 3539 .
315 3461 488 3532 Composuit,
500 3462 626 3534 legesque
639 3463 729 3530 dedit,
741 3466 898 3536 Latiumque
909 3467 1003 3518 vocari

316 3539 425 3607 Maluit,
435 3542 461 3592 is
471 3543 599 3611 quoniam
610 3542 732 3596 latuisset
744 3557 816 3597 tutus
828 3547 856 3599 in
867 3546 928 3596 oris.
966 3543 999 3594 A.

208 3673 243 3682 -
253 3641 312 3695 522.
326 3643 363 3693 Et
374 3645 486 3711 Bacchi,
499 3657 526 3697 et
535 3647 650 3721 fmqum
663 3647 756 3702 cultus.
770 3651 848 3702 Unde
861 3669 876 3702 a
888 3649 1003 3722 Virgilio
1016 3649 1142 3702 vitisator
1156 3648 1266 3702 dicitur.

207 3721 310 3772 Dehinc
322 3734 393 3772 tecta
405 3737 525 3776 secutum
541 3745 598 3779 esse
611 3741 723 3798 paterna
737 3730 830 3781 Jovern
841 3750 848 3789 ς
861 3731 923 3800 quia
940 3732 968 3780 in
985 3729 1094 3781 ltaliam
1109 3732 1204 3795 venit,
1223 3730 1271 3780 ubi

208 3819 240 3852 ex
251 3799 372 3863 Electra,
385 3801 499 3855 Atlantis
515 3805 586 3876 lilia,
600 3808 755 3860 Dardanum
768 3812 875 3880 genuit,
890 3811 952 3880 qni,
970 3811 1063 3861 occiso
1076 3812 1155 3868 tasio,
1166 3812 1270 3874 fratre,

206 3879 315 3930 tandem
327 3877 362 3928 atl
373 3878 512 3950 Phrygiam
521 3889 658 3954 pervenit:
670 3889 774 3940 AEneid.
788 3888 835 3942 lib.
847 3892 892 3955 111,
907 3890 954 3941 168
963 3910 970 3950 ;
979 3903 1006 3941 et
1016 3889 1065 3941 lib.
1077 3891 1151 3953 Vlll,
1163 3889 1226 3957 134.
1238 3892 1269 3939 Α.

205 3987 241 3998 -
251 3956 309 4009 525·
323 3962 360 4007 Ex
372 3959 485 4011 Cort'tlto.
503 3964 608 4018 Scilicet
622 3969 688 4020 urbe
705 3970 802 4034 Italia,
816 3970 886 4023 unde
900 3969 1005 4022 AEneid.
1019 3972 1048 4021 in
1063 3971 1111 4023 lib.
1126 3973 1185 4036 ΙΙΙ,
1207 3989 1267 4040 ¹7⁰·

202 4036 411 4106 *Corythum
430 4047 560 4112 terrasque
576 4048 679 4118 require
692 4051 831 4104 Ausonias.
848 4053 879 4103 A.
889 4059 929 4094 ³-
943 4050 1004 4106 526.
1027 4053 1117 4125 thue
1136 4053 1271 4128 imiqnem
1333 4114 1334 4124 ,
