2690 4596
251 295 315 373 too
608 271 928 344 axcncsnsv

249 435 323 470 mum
334 412 468 481 Astyanax
479 421 495 455 a
508 413 592 454 matre
608 403 707 474 gestari
717 401 805 472 potuit
823 413 952 471 tanquam
964 417 1032 472 puer
1047 399 1161 454 triennis
1173 387 1222 456 iel
1232 419 1298 474 qua·

250 495 386 551 driennis;
403 485 525 538 Hectoris
541 481 626 534 cades
643 499 713 533 anno
726 481 866 533 antevertit
877 480 1008 533 excidium
1020 481 1125 551 Trojse;
1146 501 1221 536 anno
1237 481 1298 532 binc

251 576 364 646 septimo
385 566 420 620 ad
440 564 549 634 Epirum
564 562 675 612 accessit
690 561 803 620 AEneas3
825 560 916 629 itaqua
931 558 1005 612 haud
1020 560 1135 612 multum
1154 561 1299 614 obfuturos

248 657 344 708 luisset
355 647 443 702 adhuc
457 653 591 713 superstes
604 644 738 712 Astyanax
749 640 784 692 ab
796 657 829 692 ea
840 651 935 708 aetate,
951 658 1005 711 qna
1015 640 1148 693 Ascanius
1160 653 1221 692 tum
1234 652 1298 693 erat.

250 728 435 788 Absolvendus
448 727 537 794 itaque
555 723 583 772 in
594 720 648 772 boc
665 721 742 772 Maro
759 721 869 788 crimine
885 718 1000 791 neglecti
1017 733 1171 791 temporum
1185 721 1298 772 ordinis.

249 817 366 870 Gravior
376 809 440 860 dicu
456 804 598 856 oblivionis
609 801 720 874 impingi
733 811 840 874 poterat
850 800 962 872 Virgilio
974 801 1001 852 in
1013 799 1110 852 eodem
1121 800 1185 852 loco
1197 799 1234 852 de
1245 801 1301 850 Aa·

250 889 413 953 dromacha,
426 883 500 958 quod
511 883 558 936 illa
568 881 712 933 Ascanium
728 882 890 952 interrogat,
909 899 973 932 num
989 883 1082 932 matris
1101 884 1207 934 amissae
1228 881 1299 932 desi-

250 977 355 1030 derium
371 966 565 1027 retinemini,
580 962 628 1030 341
639 998 648 1026 ,
662 979 744 1032 quum
753 974 841 1012 tamen
854 961 888 1012 de
900 961 1004 1013 Creusa
1016 964 1074 1014 fato
1086 961 1156 1014 nihil
1164 961 1214 1014 illa
1226 979 1300 1013 com-

251 1056 340 1128 perire
358 1047 497 1122 potuisset.
517 1041 569 1093 Sed
584 1040 673 1092 locum
685 1039 875 1110 interpolatum
886 1039 971 1092 rideri
983 1038 1190 1093 declaravimus.
1202 1052 1211 1066 “

287 1133 314 1184 Si
329 1133 357 1182 in
368 1127 410 1179 bis
422 1134 508 1196 poetae
527 1137 649 1172 caussam
661 1119 716 1190 egi,
733 1118 927 1170 conclamatam
944 1117 1024 1170 aliam
1040 1135 1166 1172 caussam
1185 1134 1246 1170 esse
1262 1117 1301 1166 la-

252 1212 364 1266 tendum
376 1218 432 1269 est,
452 1198 560 1272 quando
573 1198 675 1270 duplici
688 1199 841 1250 narratione
853 1197 959 1250 Helenae
973 1198 1145 1268 recuperatio
1159 1197 1194 1248 ab
1212 1215 1248 1248 ea
1260 1213 1301 1246 ex·

251 1295 341 1368 posita
353 1299 393 1340 est
404 1307 410 1336 ι
420 1283 468 1335 lib.
481 1282 533 1346 vl,
544 1278 597 1331 510
609 1297 685 1350 sqq.¹
702 1279 729 1329 iu
742 1295 813 1349 quo,
826 1289 954 1350 quantum
965 1277 1103 1350 intelligo,
1118 1277 1265 1328 hennum
1275 1277 1300 1326 in

253 1377 295 1428 Ilii
307 1369 410 1426 excidio
423 1375 484 1417 ante
497 1359 589 1412 oculos
601 1358 712 1426 habuit,
730 1370 756 1410 et
766 1358 812 1410 lib.
826 1361 866 1426 11,
881 1358 931 1429 567
944 1375 999 1429 seq.
1012 1359 1113 1412 Verum
1128 1359 1158 1408 in
1169 1355 1301 1408 boc'mibi

251 1450 456 1508 moramfacere
470 1441 615 1507 nonlicet,
633 1437 853 1512 qnandoquidem
868 1437 904 1490 ad
918 1441 976 1510 ipsa
995 1438 1057 1492 loca
1073 1439 1136 1492 satis
1152 1437 1207 1490 hac
1225 1435 1261 1490 de
1274 1454 1300 1486 re

253 1547 293 1588 est
304 1531 477 1601 disputatum.

287 1615 317 1664 ln
332 1606 435 1661 excidio
451 1601 525 1654 urbis
536 1600 622 1668 Trojae
639 1609 700 1650 sunt
712 1597 788 1650 baud
800 1615 888 1670 pauca
900 1595 935 1650 ad
950 1608 1071 1648 nostrum
1083 1614 1192 1650 sensum
1204 1613 1299 1668 pamm

253 1686 429 1764 probabiliter
448 1692 572 1744 narrata,
593 1679 713 1748 inprimis
733 1695 792 1748 qua
810 1677 844 1730 de
863 1695 932 1748 equo
950 1678 1069 1746 Trojano
1081 1679 1207 1748 exposita
1223 1687 1299 1735 sunu

253 1785 310 1823 tum
323 1768 357 1821 de
371 1761 494 1818 simulato
509 1758 627 1810 discemn
642 1769 669 1809 st
685 1756 769 1810 classe
782 1769 844 1829 post
855 1755 992 1808 Tenedum
1004 1755 1121 1823 latente,
1139 1773 1199 1826 qua
1212 1767 1298 1808 tamen

253 1847 342 1904 insula
354 1846 382 1896 in
394 1847 532 1912 compertu
550 1847 608 1887 erat
618 1856 624 1885 ε
636 1835 718 1906 Atqui
734 1834 830 1887 harum
846 1853 934 1888 rerum
954 1832 1034 1886 iidem
1052 1834 1157 1886 nullam
1174 1847 1299 1907 praestare

254 1930 335 1984 debet
345 1934 443 1998 poeta,
455 1935 522 1990 quas
534 1935 566 1969 ex
576 1917 692 1986 antiquis
704 1913 801 1986 mythis
812 1927 953 1986 poetarum
965 1916 1078 1986 ingeniis
1090 1916 1193 1966 ornatis
1213 1915 1300 1968 adsci-

253 2020 346 2061 verat:
364 2004 391 2055 io
405 2001 444 2054 bis
451 1992 611 2070 prircafides
618 1995 712 2066 sacto,
729 1994 773 2046 sed
783 1993 862 2064 fama
874 1992 997 2064 ρενοππὶε
1008 2013 1016 2043 .·
1029 1994 1082 2060 ΙΧ,
1101 2011 1154 2064 793
1176 2012 1232 2064 quo
1244 1997 1298 2064 ipse

255 2099 338 2161 poeta
351 2090 507 2154 argumento
524 2075 705 2127 narrationem
719 2071 753 2124 de
764 2073 877 2125 naribus
888 2074 917 2124 in
928 2071 1066 2144 Nymphas
1080 2073 1191 2124 mutatis
1204 2085 1300 2124 tuetur.

290 2169 411 2217 Paratum
422 2157 563 2230 Virgilium
574 2153 682 2205 laudem
696 2169 727 2204 ex
738 2171 770 2205 eo
787 2152 887 2204 habere
899 2151 970 2216 dixi,
987 2151 1063 2223 quod
1078 2152 1187 2205 fabulas
1201 2154 1299 2225 Ulyssis
1332 2137 1333 2212 l

253 2257 283 2298 et
295 2259 414 2295 errorum
424 2235 486 2306 (otii
499 2232 611 2304 nimi)
625 2250 674 2285 suo
686 2232 798 2284 carmini
814 2232 926 2284 intexuit
938 2247 1024 2304 eoque
1036 2232 1193 2284 varietatem
1207 2251 1238 2284 ac
1254 2251 1298 2284 co-
1332 2215 1333 2254 l

255 2325 328 2393 piam
340 2310 635 2388 rerum'narrandarum
649 2321 744 2362 nactus
757 2323 797 2363 est
810 2309 881 2381 (rid.
893 2309 1010 2382 Disquis.
1023 2311 1049 2376 1,
1061 2310 1179 2381 aviii).
1196 2313 1296 2384 Magna

254 2401 335 2453 inhia
348 2396 466 2450 incidere
485 2391 602 2443 debuere
613 2389 802 2455 difficultates,
818 2409 900 2462 quum
918 2390 1003 2442 multa
1022 2409 1039 2442 a
1059 2389 1173 2443 dirersis
1191 2405 1296 2444 narrata

257 2490 344 2533 essent
354 2474 427 2528 baud
441 2473 504 2524 satis
516 2472 586 2520 inter
597 2486 625 2520 se
637 2471 829 2540 congruentia
847 2467 931 2520 multo
943 2468 1044 2540 magis,
1060 2470 1099 2535 si,
1114 2469 1190 2540 qnod
1202 2471 1296 2537 docui,

256 2559 371 2630 tragicos
383 2552 473 2605 multis
485 2549 513 2600 iu
529 2548 595 2600 locis
608 2548 745 2618 expressit.
758 2547 857 2599 Verum
874 2549 901 2598 in
919 2545 961 2597 bis
977 2547 1042 2598 satis
1059 2559 1136 2612 erat,
1151 2549 1175 2600 si
1190 2549 1257 2600 nibil
1272 2551 1297 2600 in

256 2641 342 2709 ipsam
355 2631 534 2685 narrationem
546 2625 714 2692 admitteret,
727 2625 800 2697 quod
814 2624 943 2678 dissidere
961 2643 977 2678 a
992 2627 1087 2677 ceteris
1096 2625 1182 2678 videri
1194 2641 1296 2699 posset;

256 2728 361 2768 atvero
371 2707 437 2762 nibil
449 2717 614 2777 apponeret,
632 2703 706 2775 quod
717 2704 786 2756 forte
799 2722 887 2756 rerum
903 2703 938 2755 ab
953 2701 1012 2754 aliis
1026 2716 1197 2756 narratarum
1213 2705 1295 2757 ordini

255 2803 433 2867 repugnaret,
445 2787 473 2840 id
486 2805 536 2840 nec
548 2785 695 2838 carendum
708 2785 759 2854 ipsi
771 2797 842 2849 erat,
858 2801 939 2855 quum
951 2795 1025 2835 extra
1035 2787 1185 2856 argumenti
1197 2799 1224 2838 et
1235 2805 1297 2838 con·

255 2877 309 2928 silii
325 2875 391 2928 lines
406 2871 524 2944 positum
535 2879 618 2932 esset,
637 2884 687 2918 nec
703 2867 731 2916 in
748 2877 824 2918 tanta
838 2869 1023 2918 narrationum
1040 2864 1194 2919 diversitate
1214 2868 1296 2920 careri

277 2957 353 3008 osuit.
1330 2947 1331 2964 ³

255 2975 275 3028 Ρ
291 3037 384 3102 ltaque
395 3029 461 3080 vitio
472 3026 540 3078 verti
551 3025 657 3078 Maroni
668 3041 722 3074 oon
733 3033 837 3093 potest,
855 3020 928 3093 quod
939 3021 1149 3075 Achemenidem
1161 3023 1196 3076 ab
1208 3021 1295 3099 Ulysse

257 3128 319 3169 ante
330 3126 383 3164 tres
394 3125 497 3162 meuses
508 3109 537 3158 in
549 3106 696 3178 Cyclopum
707 3105 785 3156 litore
797 3102 918 3156 relictum
931 3105 1068 3170 narrarit,
1087 3105 1136 3156 etsi
1155 3123 1187 3157 ex
1203 3108 1296 3160 Home-

257 3198 313 3249 rica
325 3191 479 3246 narratione
491 3189 578 3258 primo
588 3188 678 3238 statim
689 3203 706 3238 a
716 3183 802 3253 Trojoe
814 3183 916 3236 excidio
930 3201 1002 3235 anuo
1017 3183 1124 3256 lllysses
1138 3183 1174 3236 ad
1185 3183 1295 3239 Siciliam

258 3274 417 3348 appulerate
430 3268 501 3320 conl.
515 3267 578 3317 Not.
592 3264 627 3317 ad
638 3266 691 3329 111,
703 3263 763 3316 61³.
780 3263 827 3313 Est
838 3265 908 3314 enim
920 3261 973 3314 hoc
985 3275 1060 3314 extra
1070 3279 1209 3331 caussam,
1222 3280 1252 3317 ut
1262 3267 1295 3317 itt

256 3356 362 3418 dicam,
378 3351 510 3423 positum,
527 3343 601 3416 quod
610 3345 681 3397 alius
694 3343 772 3395 aliter
783 3343 896 3396 eandem
913 3341 1035 3394 fabulam
1050 3345 1182 3413 exposuit.
1198 3345 1294 3398 Eodem

256 3432 338 3484 modo
350 3425 507 3482 diluendam
515 3437 582 3495 puto
592 3423 671 3478 sliam
681 3424 894 3488 accusationem,
908 3439 988 3492 quam
1000 3423 1051 3473 riri
1063 3422 1138 3475 docti
1150 3428 1294 3477 neumenia

257 3512 374 3567 medinm
393 3508 490 3560 affert:
510 3506 540 3556 ln
558 3502 677 3576 Odyssea
695 3502 745 3554 sub
766 3515 882 3555 muenia
902 3519 1028 3552 errorum.
1036 3502 1138 3575 Ulyssis
1160 3517 1293 3577 tempora,

259 3591 380 3660 adeoque
391 3606 463 3643 nono
474 3588 531 3638 lere
543 3584 680 3638 decimare
694 3599 765 3635 anno
780 3597 842 3656 post
857 3583 965 3651 Troiam
982 3594 1106 3653 captam,
1123 3585 1291 3638 Telemachus

257 3668 294 3720 ad
304 3666 455 3718 Menelaum
472 3664 560 3726 venit,
573 3665 619 3734 qui
632 3680 702 3714 anno
712 3665 866 3734 superiore,
879 3673 989 3714 octavus
1001 3674 1075 3729 erat,
1086 3661 1201 3716 domum
1215 3665 1293 3716 redie-

257 3759 300 3800 rat
310 3745 401 3817 (Odys.
413 3764 446 3811 p,
462 3745 523 3807 306,
533 3745 562 3804 d,
575 3744 632 3814 8²).
643 3742 739 3795 incidit
748 3742 921 3796 Telemachus
929 3744 962 3793 ‘in
973 3756 1137 3813 apparatam
1147 3745 1292 3817 nuptiarum

257 3827 411 3880 Hermiones
424 3824 458 3876 ad
472 3823 599 3896 Pyrrhum
609 3824 762 3890 mittenda‚'
774 3824 856 3896 Odps.
869 3825 898 3884 d,
917 3841 958 3895 pr.
975 3823 1035 3874 lam
1054 3825 1188 3895 Pyrrhum
1205 3825 1292 3878 occidit

256 3936 293 3949 -
303 3913 395 3974 erepta
408 3919 504 3974 maqno
518 3901 696 3973 inflammanti
711 3901 800 3956 amere
812 3903 931 3974 Coajuqis
941 3911 968 3952 et
980 3900 1111 3954 scelernm
1118 3906 1206 3975 stiriis
1220 3908 1292 3980 opita·

257 3984 403 4040 tustrestes
411 3983 469 4036 En.
482 3982 533 4046 111,
542 3981 595 4035 330
604 3998 659 4054 seq.
666 4001 677 4050 ,·
688 4000 741 4055 quo
752 3984 824 4038 iacto
837 3984 893 4051 ejas
905 3983 1019 4051 conjux,
1030 3980 1240 4058 Andromache,
1251 3999 1294 4042 cet·
