2690 4596
242 275 304 370 rsa
569 287 780 352 utrum
805 284 952 354 raon
996 249 1001 261 ’

239 413 281 476 Et
292 409 383 474 velut
395 409 535 498 ignitum
546 410 679 492 testudo
692 433 806 477 eversa
817 413 961 478 calorem
1334 407 1336 492 l

239 518 350 600 Quum
362 517 477 596 sensit,
491 517 612 582 luctata
624 516 697 595 diu,
711 516 920 607 pedibusque
933 517 1098 600 renitens,

177 655 182 664 ·
240 621 386 687 Caudam
398 623 591 712 agitansque
603 638 716 710 caput,
730 646 849 710 magna
858 625 892 688 si
904 623 1023 689 cedere
1035 642 1159 707 tentat,

241 732 380 808 AEstuat‚
395 745 427 793 et
438 729 544 793 multo
556 727 713 794 insudans
726 731 900 794 conamina
913 731 1029 796 miscet
1041 753 1047 794 :

242 835 340 901 Haud
352 835 447 900 aliter
458 835 568 900 miseri
580 857 641 922 per
653 851 741 898 tanta
754 837 899 922 pericula
912 836 1000 901 cives
1334 845 1336 992 q

240 939 413 1006 lactabant
424 962 510 1020 sese,
524 957 557 1004 et
568 939 698 1005 turbata
710 957 824 1004 mente
836 941 996 1006 ferebant.

242 1051 327 1112 Ante
340 1069 454 1111 omnes
468 1047 561 1111 senio
573 1047 745 1114 conlectus
756 1046 800 1111 ad
811 1047 932 1112 aethera
945 1069 1045 1112 voces

243 1153 416 1218 Fundebat
428 1152 582 1242 querulas
595 1155 745 1231 Daunus,
760 1153 971 1268 Superosqnc
983 1152 1136 1217 vocabat.

242 1261 332 1324 Tum
344 1281 423 1324 vero
435 1281 454 1322 e
467 1257 583 1322 mediis
596 1259 664 1324 visa
677 1275 725 1322 est
737 1279 936 1345 consurgere
948 1257 1106 1340 flammis,

243 1366 477 1455 Percussisque
489 1364 556 1430 ales
568 1364 705 1429 volitare
717 1386 778 1452 per
789 1387 863 1428 aera
877 1365 1009 1451 pennis,

244 1473 409 1541 Indicium
422 1493 610 1558 nomenque
624 1469 714 1535 urbis
726 1491 828 1534 versae
842 1469 947 1534 Ardea
960 1493 1096 1535 servans
1109 1495 1119 1534 :

245 1581 287 1645 Et
299 1580 353 1644 cui
364 1575 522 1642 sublimes
534 1574 663 1640 stabant
675 1577 708 1638 in
721 1575 885 1640 moenibus
897 1599 1003 1656 arces,

246 1689 375 1751 Mutata
386 1681 502 1746 effusis
514 1703 604 1746 nunc
615 1681 863 1748 circumlabitur
873 1681 943 1747 alis.

247 1838 366 1906 Uterque
376 1845 463 1884 autem
473 1830 580 1884 videtur
588 1831 713 1884 babuisse
726 1847 876 1904 respectum
887 1833 986 1903 negotii
997 1854 1003 1882 ε
1017 1851 1080 1884 nam
1092 1831 1210 1903 Trojani
1220 1835 1298 1886 sarci-

249 1917 328 1970 nulas
340 1931 401 1968 suas
413 1911 589 1983 colligebant,
602 1913 630 1964 in
641 1912 751 1964 fatalem
764 1925 861 1964 terram
874 1910 1058 1982 reponendas;
1074 1924 1101 1962 et
1114 1912 1180 1964 ideo
1195 1933 1299 1984 compa·

250 2012 344 2052 rantur
360 2015 374 2046 a
391 1995 503 2045 Marone
522 1995 640 2045 formicis
661 1993 871 2064 colligentibus:
892 1994 962 2044 cives
983 2005 1074 2043 autem
1093 1992 1254 2060 Ardeatini,
1271 2011 1299 2044 ex

250 2076 390 2139 incendio,
403 2091 461 2144 quae
470 2084 608 2144 poterant,
623 2083 780 2142 receperant
793 2071 826 2121 ad
838 2072 953 2121 incertas
966 2069 1043 2120 sedes
1055 2071 1262 2135 transferenda,
1275 2083 1299 2122 et

251 2156 313 2209 ideo
323 2155 390 2205 bene
401 2162 592 2221 comparantur
603 2151 736 2214 formicis,
748 2162 810 2220 post
823 2167 943 2200 eversum
954 2146 1048 2200 nidum
1058 2163 1154 2219 partas
1165 2169 1234 2221 opes
1243 2151 1300 2201 reci·

251 2235 394 2309 pientibus.
406 2231 447 2283 Ab
458 2231 543 2282 Ennio
554 2243 643 2282 tamen
653 2233 757 2304 nigrum
769 2250 863 2302 agmen
874 2231 907 2283 de
917 2229 1068 2301 elephantis
1079 2229 1186 2281 dictum
1196 2231 1299 2295 volunt,

253 2329 280 2368 et
301 2312 334 2364 ab
354 2311 407 2363 alio
426 2323 523 2380 poeta,
543 2308 576 2360 de
593 2311 703 2360 Mauris.
721 2309 802 2376 Quod
819 2309 1007 2360 inconveniens
1020 2325 1073 2358 non
1088 2320 1148 2359 est:
1163 2328 1227 2360 nam
1243 2309 1300 2360 linet
1335 2333 1336 2362 ς

253 2392 335 2444 verba
350 2403 376 2441 et
392 2388 465 2439 dicta
479 2386 592 2438 aliorum
608 2387 641 2438 ad
659 2405 735 2438 suum
752 2389 901 2438 institutum
916 2398 1081 2439 convertere.
1091 2386 1126 2437 A.
1144 2417 1182 2426 -
1198 2389 1256 2439 226.
1269 2387 1301 2436 Et
1335 2395 1336 2432 t

253 2469 325 2524 velut
337 2468 442 2520 testudo.
462 2468 540 2517 Ponit
558 2465 701 2517 secundam
719 2470 946 2538 comparationem
963 2479 1100 2536 sumptam
1118 2486 1136 2517 a
1152 2467 1299 2531 testudine,
1335 2465 1336 2534 l

253 2549 361 2606 animali
372 2545 479 2618 quidem
490 2541 604 2608 imbelli,
620 2543 667 2595 sed
676 2547 851 2615 pertinaciter
862 2546 958 2616 parieti
972 2544 1069 2595 domus
1084 2547 1204 2596 incensae
1215 2545 1299 2596 adha-

255 2632 338 2694 renti,
351 2640 377 2680 et
386 2644 440 2677 non
453 2625 503 2676 nisi
516 2643 577 2675 cum
590 2641 692 2675 summa
707 2623 891 2696 indignatione
902 2643 961 2676 earn
970 2623 1152 2694 relinquenti,
1166 2621 1299 2693 quomodo

255 2728 282 2767 et
294 2715 364 2764 cives
382 2727 412 2760 ex
429 2706 553 2758 incendio
568 2723 609 2756 res
624 2722 685 2756 suas
700 2707 844 2776 tantisper,
860 2705 923 2755 dnm
940 2717 1068 2776 possunt,
1083 2706 1238 2774 recipiunt:
1256 2721 1300 2753 neo

255 2795 394 2855 deserunt,
409 2788 499 2839 nisisi
513 2804 614 2837 summa
627 2786 741 2856 repulsi,
756 2788 896 2856 ingruente
912 2784 1013 2836 scilicet
1026 2785 1096 2854 igne.
1110 2785 1204 2834 Potest
1218 2796 1302 2836 antem

255 2877 331 2948 prior
343 2870 508 2941 comparatio
521 2867 614 2918 referri
627 2867 660 2918 ad
673 2880 778 2918 strenue
791 2868 948 2936 migrantes;
958 2867 1094 2936 posterior
1109 2864 1146 2915 ad
1159 2864 1239 2916 tarde
1252 2863 1301 2914 dis·

255 2954 387 3007 cedentes.
399 2951 430 3000 A.
443 2976 475 2988 -
486 2948 546 2999 228.
561 2946 678 2998 caurum
694 2947 848 3018 agitansque
862 2954 949 3015 caput.
960 2942 1032 2994 lllud
1045 2961 1097 3015 que
1109 2961 1166 2994 non
1183 2961 1233 2994 suo
1246 2942 1302 2993 loco

256 3037 371 3108 positum
387 3043 439 3094 est,
451 3030 503 3080 nisi
516 3029 549 3078 sit
561 3029 677 3080 renitens
687 3025 801 3098 pedibus
813 3025 940 3086 caudam
952 3036 978 3074 et
991 3025 1095 3095 agitans
1108 3036 1209 3094 caput,
1222 3033 1303 3074 tentat

256 3116 350 3170 cedere
362 3112 491 3163 flammis:
509 3126 606 3180 magna
619 3108 662 3172 vi,
679 3107 795 3172 scilicet,
812 3125 862 3176 pro
879 3104 990 3156 modulo
1002 3105 1136 3174 corporis.
1149 3105 1184 3155 Δ.
1198 3135 1234 3143 -
1248 3103 1303 3154 232.

256 3195 300 3246 Ad
309 3191 406 3243 ethera
421 3206 491 3239 voces
504 3184 628 3258 querulas
637 3185 784 3256 fundebat,
796 3200 953 3256 superosque
964 3183 1083 3234 vocabat.
1100 3185 1143 3234 lta
1158 3184 1190 3236 in
1209 3182 1304 3252 Ecloga

257 3277 350 3347 quinta
361 3269 479 3340 Virgilii,
493 3267 540 3332 23,
553 3275 722 3317 muterbocat
733 3267 805 3328 deos,
824 3276 851 3315 et
863 3274 930 3316 astra
945 3261 1064 3314 crudelia
1071 3285 1081 3325 ;
1096 3265 1164 3334 quia
1174 3282 1225 3335 per
1236 3264 1304 3333 ipso·

255 3369 314 3404 rum
323 3353 376 3402 rim
384 3349 521 3400 hominum
529 3347 584 3396 fata
594 3346 708 3409 moveri,
721 3342 839 3413 impleri,
851 3353 897 3392 aut
906 3341 1042 3392 immutari
1050 3339 1194 3392 credebat.
1204 3371 1239 3380 -
1249 3337 1302 3402 ²3l·
1335 3379 1336 3414 ,

260 3433 327 3483 Tum
343 3447 401 3480 vero
418 3446 432 3478 e
447 3425 539 3476 mediis
552 3425 604 3475 visa
618 3423 779 3498 estflummr's
791 3439 956 3492 consurgere,
974 3429 1002 3468 et
1016 3415 1071 3470 ales
1088 3417 1204 3470 volitare
1218 3415 1305 3490 permis
1335 3421 1336 3424 ’

254 3510 385 3579 percussis.
397 3507 523 3559 Ovidium
534 3503 592 3568 hic,
602 3523 652 3556 nec
661 3506 714 3571 jam
730 3503 869 3555 Maronem
881 3512 986 3552 tantum
997 3499 1098 3551 Noster
1110 3498 1213 3554 ducem
1221 3496 1304 3570 sequi·

256 3600 312 3650 tnr;
326 3589 433 3639 Metam.
446 3585 516 3637 libro
527 3583 599 3636 dicto
611 3584 680 3648 XIV,
691 3581 758 3653 573:

730 3681 809 3733 Cadit
820 3679 922 3744 Ardea,
934 3678 1026 3729 Turno

357 3762 476 3834 Sospite,
488 3764 558 3815 dicta
570 3775 683 3834 potens:
698 3781 779 3833 quarn
790 3773 934 3832 postquam
945 3757 1081 3810 barbarus
1093 3759 1167 3831 ignis
1183 3755 1186 3764 '

358 3843 488 3907 Abstulit,
501 3857 528 3895 et
539 3842 630 3913 tepida
643 3843 779 3894 latuerunt
792 3853 861 3893 tecta
872 3837 978 3903 favilla,
996 3883 1000 3894 ,
1045 3845 1046 3850 ’

357 3923 487 3994 Congerie
499 3943 513 3975 e
526 3923 628 3988 media,
641 3937 697 3975 tum
708 3925 823 3994 primum
836 3921 957 3992 cognita,
969 3935 1076 3989 prepes

359 4001 501 4072 Subvolat,
513 4016 540 4056 et
551 4006 652 4058 cineres
664 4005 766 4075 plausis
778 4002 917 4058 everberat
929 3997 986 4050 alis.
