2690 4596
497 297 721 362 GARMEN.
1067 308 1131 390 455

84 418 171 481 Ante
183 417 316 502 Jovem;
330 436 362 484 et
374 420 544 514 complexa
555 422 672 510 pedes,
687 423 733 487 sic
746 445 803 487 ore
815 422 923 491 locuta
937 447 985 494 est
997 453 1004 492 :

133 526 376 615 «Omnipotens
388 528 539 608 Genitor,
554 530 612 618 qui
624 528 714 593 solus
726 529 767 594 ab
780 530 903 597 aethere
916 557 1046 601 summo
1085 551 1135 614 595

86 629 213 696 Cuncta
224 655 353 713 moves,
367 634 425 723 qui
438 655 489 698 res
501 633 689 713 hominum,
703 658 864 724 curasque
875 661 1042 722 recenses3

83 735 176 799 Dum
187 739 334 804 Teucros
346 739 490 804 traheret
502 740 636 805 fortuna
648 741 793 822 inimica,
808 743 977 825 recordor,

82 840 278 929 Spondebas
289 845 391 909 finem
403 846 572 926 aerumnis,
585 847 752 935 rebusque
765 848 914 934 salutem.

81 947 220 1014 Noctua
233 974 287 1015 me
298 953 473 1041 promissa,
488 956 596 1032 Pater,
611 955 773 1017 sententia
786 953 887 1019 fallit:

81 1053 235 1144 Namque
248 1080 363 1122 omnes
375 1057 519 1146 gaudere
531 1081 621 1124 sacra
632 1074 699 1122 tres
711 1081 791 1146 pace
803 1083 866 1148 per
876 1083 980 1125 annos
994 1100 997 1106 ·
1086 1077 1132 1126 600

80 1158 247 1226 Viderunt
260 1164 350 1230 ltalae
363 1165 455 1229 nullo
468 1164 657 1229 discrimine
669 1181 798 1254 partes:

80 1265 209 1330 Verum
221 1267 264 1331 ad
276 1268 396 1334 siderei
409 1272 587 1346 missurum
600 1270 744 1335 culmina
755 1271 826 1336 caeli

78 1371 251 1438 Pollicitus
262 1398 418 1464 magnum
432 1380 570 1456 AEnean‚
584 1377 809 1465 meritumque
821 1376 950 1443 ferebas

78 1477 255 1544 Illaturum
266 1483 359 1547 astris
372 1506 379 1545 ε
393 1481 474 1571 quid
487 1505 575 1547 nunc
586 1482 649 1548 sub
660 1500 795 1571 pectore
807 1485 936 1549 versas?
1019 1491 1022 1498 '

78 1584 223 1675 Jamque
237 1604 328 1676 optat
339 1605 465 1654 mature
477 1588 572 1676 polos
585 1589 699 1653 AEneia
711 1590 851 1656 virtus.»
1086 1608 1131 1656 605

126 1692 192 1756 Olli
204 1693 378 1759 hominum
392 1713 480 1760 sator
491 1713 591 1785 atque
601 1695 817 1762 DeuMedit
831 1698 957 1777 oscula,
971 1698 1012 1763 ab
1021 1699 1089 1765 alto

79 1801 219 1863 Pectore
231 1801 331 1866 verba
344 1801 473 1867 ferens:
492 1801 699 1883 «Quantum,
713 1800 888 1890 Cytherea,
901 1821 1073 1891 potentem
1157 1827 1160 1840 ’

78 1907 218 1970 AEneam
230 1907 458 1996 AEneadasque
471 1929 601 1986 omnes,
615 1907 758 1972 infessus
769 1908 892 1986 amavi,

79 2013 124 2074 Et
135 2028 221 2076 terra
234 2028 267 2076 et
278 2012 395 2102 pelago
409 2029 441 2077 et
452 2037 513 2101 per
525 2029 613 2077 tanta
626 2013 773 2102 pericula
784 2029 910 2093 vectos,

78 2118 194 2181 Nosti:
209 2134 242 2180 et
253 2140 340 2205 saepe
354 2115 652 2207 equidemindolui
664 2134 849 2182 commotus
862 2141 989 2202 amore,
1086 2135 1135 2184 610

78 2225 176 2303 Nata,
191 2238 264 2306 tuo;
277 2222 479 2312 tandemque
492 2223 600 2302 malis,
613 2224 747 2298 Junone
759 2222 918 2304 secunda,

78 2399 143 2452 Non
152 2399 298 2473 incongrue
309 2415 398 2454 autem
411 2400 490 2454 datur
498 2401 536 2454 illi
543 2403 572 2454 in
582 2401 646 2454 caelo
654 2400 729 2452 locus
743 2399 855 2465 medius,
865 2403 929 2471 quia
939 2402 1013 2455 sidus
1021 2403 1132 2459 Veneris

78 2492 120 2532 est
127 2481 278 2550 proximum
285 2481 335 2533 sub
346 2483 418 2549 sole,
431 2483 478 2553 qui
488 2481 588 2534 medius
599 2482 769 2553 planetarum
782 2493 829 2532 est.
840 2481 871 2530 Δ.
880 2511 916 2520 -
925 2481 985 2552 594.
994 2487 1132 2557 complexa

77 2560 173 2632 pedes;
191 2572 236 2612 aut
253 2562 401 2633 supplicem
418 2562 536 2628 indicat,
555 2575 602 2613 aut
619 2560 692 2631 quod
705 2559 777 2611 sidus
795 2563 852 2631 ejus
867 2562 979 2614 inferius
997 2577 1036 2616 est
1050 2584 1132 2636 quam

78 2639 154 2692 sidus
162 2641 245 2692 Jovis.
254 2673 289 2680 -
300 2642 351 2693 Ore
363 2641 460 2693 locuta.
469 2671 501 2679 -
509 2641 569 2693 600.
585 2651 633 2694 tres
643 2659 710 2712 pace
719 2659 768 2711 per
777 2659 868 2691 annos.
881 2642 910 2692 Si
922 2643 1004 2713 igitur
1014 2663 1069 2696 non
1080 2649 1132 2700 nisi

78 2733 134 2772 tres
144 2739 243 2787 annos,
254 2739 355 2791 quaeres
368 2739 421 2791 quo
434 2720 515 2771 modo
524 2721 599 2790 prius
611 2719 719 2770 tandem
732 2718 841 2783 dixerit,
855 2717 929 2788 quod
936 2721 1014 2772 multi
1024 2735 1131 2796 tempo·

76 2803 115 2853 ris
128 2803 186 2853 est?
199 2802 230 2852 Δ.
241 2830 277 2840 -
286 2801 346 2852 601.
362 2799 494 2854 Viderunt
502 2798 579 2850 Italoe
595 2797 672 2849 nullo
689 2797 841 2850 discrimine
855 2810 950 2868 partes.
966 2800 997 2850 ld
1007 2815 1059 2870 est,
1073 2807 1130 2859 sine

80 2881 257 2946 discretione,
272 2882 321 2932 toti
333 2880 409 2931 Latio
422 2879 573 2930 dominatus
586 2890 642 2942 est,
655 2895 710 2928 non
723 2888 813 2928 tamen
829 2879 878 2928 toti
890 2877 980 2929 ltaliae.
991 2882 1023 2930 A.

112 2963 174 3016 606.
189 2961 263 3027 Olli,
279 2960 418 3012 lominum
429 2969 499 3010 sator
514 2971 593 3030 atque
602 2960 687 3009 Deum
698 2956 771 3008 dedit
783 2955 879 3010 oscula.
893 2958 981 3025 Quam
993 2958 1090 3012 durum
1100 2977 1127 3017 et

79 3061 221 3115 asperum,
233 3043 256 3094 si
267 3041 390 3095 conferas
404 3058 466 3090 cum
478 3039 565 3109 primo
577 3037 681 3090 AEneid.
697 3037 782 3102 libro,
795 3056 820 3088 v.
835 3038 885 3090 258
897 3061 903 3089 ε

185 3147 240 3200 01Ιί
252 3145 393 3198 subridens
404 3144 542 3196 hominum
555 3156 629 3195 sator
641 3155 721 3214 atque
734 3141 861 3209 deorum,

183 3225 283 3280 Oscula
294 3226 389 3278 libavit
400 3237 484 3289 natae,
495 3221 593 3275 dehinc
606 3222 672 3276 talia
684 3224 772 3288 fatur,
786 3235 836 3275 etc.

74 3340 151 3394 Idem
163 3358 272 3406 sensus,
284 3338 377 3392 eadem
390 3340 445 3392 fere
458 3336 556 3400 verha;
570 3337 617 3390 sed
630 3337 698 3389 alius
710 3349 801 3402 vates,
817 3348 847 3388 ut
858 3337 959 3408 passim
975 3336 1076 3408 ubique
1088 3340 1130 3390 vi-

77 3421 166 3473 dimus
176 3433 202 3472 et
211 3418 383 3472 indoluimus.
393 3449 429 3460 -
438 3419 499 3472 608.
512 3417 635 3488 infertum
650 3435 705 3468 non
722 3418 824 3483 lessus,
839 3430 865 3468 et
881 3416 1083 3488 indefatigatus.
1097 3420 1128 3469 Δ.

76 3531 113 3544 -
121 3501 182 3554 610.
191 3501 268 3553 Nosti
276 3539 285 3567 ‚
299 3513 325 3553 et
333 3516 399 3572 serpe
408 3498 524 3572 quidem.
536 3497 578 3550 Sic
588 3499 678 3551 Venus
688 3499 717 3548 in
728 3498 749 3548 l.
759 3498 820 3548 AEn.
831 3495 867 3548 ad
876 3495 1050 3567 Cupidinem,
1063 3497 1127 3568 673:

184 3607 257 3658 Nota
268 3606 332 3674 tibi,
345 3619 371 3660 et
382 3618 474 3658 nostro
487 3603 597 3655 doluisti
609 3621 678 3674 saepe
691 3601 794 3655 dolore.
831 3603 862 3653 A.

77 3716 302 3768 -611.Junone
313 3719 435 3770 secunda.
448 3719 581 3788 Prospera
592 3729 618 3769 et
630 3717 755 3784 favente,
770 3715 834 3785 quia
846 3711 948 3766 dictum
960 3725 1000 3766 est
1012 3712 1045 3767 de
1058 3732 1090 3767 ea
1100 3715 1135 3768 in

76 3807 166 3879 primo
178 3804 281 3857 AEneid.
297 3807 346 3858 285
358 3829 364 3857 ε

183 3919 301 3972 Consilia
314 3923 340 3972 in
352 3924 447 3975 melius
458 3924 569 3989 referet,
582 3937 740 3989 mecumque
753 3917 856 3970 fovebit

184 4000 319 4052 Romanos
330 4021 419 4055 rerum
432 4003 571 4069 dominos,
583 4013 743 4075 gentemque
753 4009 880 4070 togatam.
