2718 4594
214 307 279 373 ιρι
555 276 827 348 excursus
848 278 911 344 ιιι
974 265 986 282 ·

212 383 273 459 loco
284 402 472 474 consulendus.
483 401 581 456 Extant
593 416 682 455 autem
694 405 750 473 ejus
763 402 884 474 exempla
894 404 922 454 in
934 403 1027 475 prisce
1039 407 1104 460 artis
1116 409 1256 480 operibus.
1344 411 1345 446 ἓ

212 487 309 538 Nobile
321 498 360 537 est
376 487 495 556 signum,
508 482 572 534 olim
586 484 613 534 in
625 481 727 534 Palatio
746 480 865 553 Altemps
876 496 1023 549 servatum,
1036 498 1132 555 postea
1148 487 1178 538 in
1193 489 1259 540 Mu-

211 586 286 620 seum
298 566 552 618 Pio-Clementiuum
563 561 721 616 translatum
729 561 817 633 (Tom.
828 563 867 624 ll,
880 575 898 613 t.
911 563 954 633 37.
968 577 995 615 et
1006 568 1122 617 anteain
1130 566 1260 619 Rocoolta

211 660 230 699 t.
243 647 361 717 CXXlV)
370 645 444 716 quod
451 644 531 716 vulgo
539 643 640 696 Paridis
649 643 765 696 sedentis
774 642 875 710 editur,
883 647 989 715 potiore
998 645 1092 698 saltem
1101 649 1163 716 J'ure
1174 665 1257 718 quarn

210 739 251 778 tot
264 727 316 780 alia
327 725 429 777 nudum
441 723 563 776 Paridem
574 743 636 776 cum
647 743 728 794 pomo
745 725 772 775 in
788 741 869 776 manu
885 725 984 777 referre
998 725 1108 778 credita.
1124 729 1160 778 Ut
1177 728 1258 778 brac·
1345 767 1346 770 ι

210 825 256 859 cas
268 819 295 858 et
305 805 405 877 pileum
417 804 558 876 Phrygium
570 805 707 871 omittam,
721 802 828 855 indutus
841 802 885 856 ille
897 817 937 855 est
949 805 1040 857 tunica
1051 803 1170 877 duplici,
1188 808 1258 857 inte·
1345 811 1346 824 ³

211 887 282 938 riore
301 887 451 949 manicata,
471 884 557 936 altera
575 884 703 936 exteriore
724 885 748 935 ei
767 884 881 952 injecta,
899 896 926 935 et
942 883 1031 937 balteo
1051 901 1133 956 supra
1151 887 1258 938 femora
1346 913 1347 930 ι

210 966 354 1026 adstricta
366 963 559 1036 superinducta
571 975 598 1034 et
610 961 748 1034 chlamyde
761 963 851 1033 ampla
863 980 878 1014 a
889 976 964 1036 tergo
976 964 1124 1027 defluente;
1139 977 1256 1037 apparet

211 1049 239 1098 ιιι
250 1047 362 1098 humero
374 1045 468 1097 dextro
479 1043 578 1110 fibula,
596 1062 651 1115 qua
668 1043 834 1116 chlamydem
850 1056 977 1115 tanquam
994 1045 1101 1098 vinculo
1113 1049 1200 1098 teneri
1212 1047 1257 1096 ia-

211 1127 262 1179 cile
275 1128 414 1179 existimes.
429 1126 534 1177 Clarior
549 1142 591 1177 res
604 1124 683 1176 estin
695 1123 748 1176 alio
761 1125 852 1195 signo,
868 1123 947 1176 Mide
959 1124 1026 1176 illud
1040 1125 1140 1194 edunt,
1155 1128 1184 1176 in
1199 1124 1257 1174 Mo·
1346 1127 1347 1130 ’

210 1208 334 1260 nimentis
352 1205 530 1258 Matthaianis
551 1217 571 1258 t.
589 1205 687 1270 XCVI,
705 1205 781 1273 cujus
801 1215 909 1256 truncus
929 1223 960 1256 ex
980 1205 1135 1259 alabastrite
1156 1218 1257 1258 temere

209 1290 325 1340 refectus
345 1299 385 1338 est
402 1288 489 1357 capite
508 1285 684 1354 manibusque
703 1303 735 1335 ex
752 1301 884 1337 marmore
901 1284 1052 1338 Numidico.
1063 1285 1127 1338 ,sed
1145 1299 1257 1337 truncus

193 1367 367 1440 praclarum
379 1379 418 1417 est
430 1365 579 1436 exemplum
591 1363 699 1416 babitus
711 1363 826 1436 Phrygii.
843 1365 1012 1436 Conveniunt
1025 1367 1053 1418 ιιι
1067 1365 1182 1418 eandem
1195 1383 1257 1435 spe·
1347 1385 1348 1428 ι

209 1450 278 1500 ciem
288 1447 342 1500 duo
354 1448 431 1518 signa
443 1444 537 1496 eodem
548 1447 576 1495 in
588 1443 649 1496 loco
661 1456 782 1514 reperta,
799 1443 935 1496 simillima
943 1445 1012 1516 iuter
1024 1462 1066 1509 se,
1078 1444 1184 1514 sibique
1197 1462 1255 1496 res·
1347 1499 1348 1512 1

210 1527 376 1599 pondentia,
398 1543 512 1596 quorum
531 1524 642 1576 alterurn
665 1523 715 1574 sub
743 1523 846 1575 Paridis
865 1525 972 1575 nomine
989 1522 1107 1576 exhibuit
1127 1525 1256 1576 Guattani

209 1608 383 1680 (Munimenti
400 1606 493 1658 inediti
509 1605 544 1656 ad
561 1624 586 1658 a.
598 1605 748 1656 LXXXVII.
761 1623 788 1674 p.
801 1605 845 1673 37.
857 1603 918 1675 ΙΙΙ.)
934 1604 1062 1671 alterum,
1078 1607 1181 1674 majore
1194 1623 1256 1656 cum

208 1689 370 1760 sagacitate,
382 1685 432 1736 sub
444 1684 557 1735 ministri
572 1682 707 1735 Mithriaci
723 1684 831 1734 nomine
845 1684 873 1739 V
871 1683 962 1736 isconti
977 1683 1046 1736 Mus.
1063 1683 1254 1738 Pio-Clement.

179 1791 184 1799 ¹
209 1769 286 1818 Tom.
300 1767 336 1816 lll
343 1763 419 1832 ,tab
431 1764 501 1814 XXI.

245 1846 415 1916 Conspicitur
426 1842 532 1907 similis,
546 1854 593 1893 aut
605 1839 734 1894 accedens
747 1843 796 1908 iis,
812 1844 923 1895 vestitus
934 1842 961 1894 in
976 1841 1033 1918 aliis
1050 1843 1168 1913 antiquis
1184 1845 1256 1916 frag·

208 1929 313 1981 mentis.
324 1925 376 1997 (sid
386 1926 514 1993 majorem
523 1923 662 1976 mollitiem
672 1934 841 1992 comparatus
852 1936 891 1974 est
903 1923 970 1974 alius
977 1924 1085 1976 vestitus
1095 1925 1257 1976 tenuissimae
1348 1917 1349 1942 ³

208 2011 341 2072 materiae,
357 2001 576 2058 ventre'nudato.
593 2023 618 2055 v.
635 2022 657 2054 c.
676 2005 704 2053 in
719 2004 788 2054 Mus.
805 2003 877 2055 Flor.
894 2006 946 2067 111,
957 2004 1079 2075 LXXX.)
1094 2004 1166 2056 Male
1184 2006 1255 2058 euim

208 2087 317 2141 audiere
330 2083 442 2157 Phryges
460 2083 650 2157 antiquissimis
667 2081 788 2134 aetatibus
804 2094 916 2154 propter
932 2083 1086 2172 mollitiem,
1105 2083 1255 2136 increbres-

208 2179 285 2220 cente
297 2167 423 2216 intereos
435 2161 499 2212 luxu
515 2179 546 2212 ex
561 2160 671 2231 opibus,
688 2160 805 2224 scilicet,
820 2177 885 2230 quas
898 2179 992 2212 aurum
1009 2162 1080 2212 iniis
1094 2161 1161 2212 loeis
1173 2160 1255 2234 Pbry-

208 2247 257 2318 gia
271 2257 296 2295 et
305 2242 409 2315 Lydia
425 2225 504 2291 etiam
520 2241 548 2289 in
560 2240 697 2305 amnibus,
712 2251 847 2310 repertum
860 2241 1004 2292 invexerat.
1020 2237 1105 2292 Multa
1122 2239 1175 2291 alia
1192 2239 1256 2292 addi

208 2335 335 2394 possent,
348 2338 370 2371 ιι
363 2319 423 2370 hrs
435 2317 510 2369 locus
515 2317 566 2384 hro
579 2331 660 2379 esset;
673 2337 765 2370 verum
776 2317 811 2371 ad
824 2337 880 2372 rem
890 2317 1004 2381 sufficit
1018 2335 1049 2368 ex
1058 2317 1177 2390 Phrygas
1188 2337 1255 2390 quo-

210 2423 262 2475 que
274 2401 400 2472 operibus
413 2417 557 2470 apparere,
570 2400 645 2450 innui
657 2418 673 2450 a
683 2412 766 2469 poeta
778 2397 944 2470 chlamydem
957 2397 1096 2496 Phrygiam
1110 2397 1194 2452 fibula
1209 2399 1255 2454 ad·

208 2486 327 2536 strictam
340 2483 368 2531 in
379 2479 500 2530 humero.
544 2517 547 2523 .

244 2560 311 2616 Sunt
324 2562 432 2612 omnin'o
449 2561 477 2612 iu
494 2562 592 2612 amictu
605 2560 718 2634 Phrygio
730 2561 862 2614 nonnulla
877 2561 1048 2614 notabiliora.
1067 2561 1190 2629 Scilicet,
1204 2563 1255 2614 etsi

208 2646 254 2698 ille
267 2643 303 2698 ad
313 2644 402 2697 luxum
416 2655 442 2694 et
453 2641 591 2694 mollitiem
604 2643 821 2695 accommodatus
834 2653 889 2707 est,
908 2654 1019 2714 apparet
1031 2654 1118 2694 tamen
1132 2661 1147 2693 e
1159 2641 1255 2694 borea-

207 2726 277 2778 libus
288 2725 353 2778 locis
363 2742 424 2776 eum
435 2722 579 2776 deductum
591 2725 701 2793 ejusque
712 2741 790 2776 usum
801 2725 979 2793 antiquiorem
991 2724 1059 2774 inter
1067 2721 1160 2794 gelida
1170 2723 1254 2794 plegae

139 2829 140 2834 ¹
207 2805 310 2857 incolas
322 2805 419 2870 fuisse,
429 2804 528 2872 quippe
541 2801 638 2872 quibus
652 2814 737 2854 totum
747 2820 845 2872 corpus
856 2802 974 2854 vestibus
984 2800 1129 2864 involvere,
1141 2802 1253 2870 ipsaque

206 2887 325 2951 femora,
341 2896 368 2937 et
384 2901 462 2936 crura
476 2895 565 2954 tegere
577 2895 688 2934 mos'est
700 2902 716 2935 a
730 2895 826 2934 natura
842 2895 1012 2934 monstratus.
1028 2880 1136 2951 Spectat
1152 2880 1206 2932 hoc
1219 2880 1254 2933 ad

206 2964 338 3036 Phrygum
352 2964 485 3035 origines·
504 2963 603 3033 quippe
616 2979 683 3032 quos
699 2981 714 3014 e
730 2961 797 3014 locis
813 2961 968 3014 borealibus
984 2979 1046 3012 curn
1059 2959 1209 3012 Thracibus
1225 2962 1252 3012 in

205 3042 394 3097 Macedoniam
413 3039 594 3106 descendisse,
610 3040 769 3110 hincquein
786 3041 878 3094 Asiam
896 3043 1031 3109 trajecisse
1053 3041 1164 3110 antiqua
1179 3041 1253 3092 fama

205 3121 265 3174 luit
276 3124 370 3194 ltaque
378 3123 488 3172 vestitus
498 3121 646 3172 communis
656 3121 695 3171 iis
701 3133 741 3172 cst
753 3139 813 3172 cunt
822 3119 917 3173 habitu
925 3121 1058 3171 Dacorum
1064 3116 1252 3182 ,Parthorum

206 3201 373 3270 aliorumque
383 3198 559 3252 barbarorum
570 3218 586 3250 a
595 3199 783 3269 septemtrione
793 3197 827 3252 ad
837 3199 926 3250 mitius
939 3198 1032 3250 calum
1041 3198 1182 3268 solumque
1193 3215 1253 3268 pro·

205 3283 346 3332 fectorum.
359 3278 440 3329 Aliud
451 3290 504 3343 est,
517 3277 590 3348 qnod
601 3278 635 3330 ad
644 3278 849 3331 illustrationem
858 3276 1083 3330 commemorabo.
1095 3275 1184 3327 Multa
1193 3288 1253 3326 sunt

205 3355 356 3428 anaglypha
371 3355 553 3420 Mithriaca,
546 3376 573 3408 ιιι
590 3357 687 3426 quibus
702 3333 813 3410 Mithres
830 3373 968 3427 expressus
987 3368 1027 3408 est
1042 3354 1123 3406 simili
1143 3372 1252 3424 prorsus

207 3442 278 3508 ejus,
291 3437 336 3506 qui
348 3435 478 3506 Phrygum
490 3438 559 3503 fuit,
570 3435 679 3488 habitu:
694 3455 747 3507 quo
760 3438 819 3507 ipso
836 3436 956 3489 firmatur
968 3435 1010 3496 id,
1028 3434 1102 3506 quod
1115 3436 1167 3486 viri
1180 3434 1252 3486 docti

206 3521 372 3584 docuerunt,
383 3517 525 3588 religiones
533 3516 594 3570 illas
605 3535 661 3569 non
674 3535 689 3568 a
701 3519 786 3570 Persis
799 3535 855 3570 esse
868 3517 996 3584 traditas,
1007 3515 1092 3570 sedin
1104 3515 1170 3568 Asia
1182 3517 1252 3567 occi-

206 3595 306 3651 dentali
317 3608 386 3648 mter
397 3595 527 3647 barbaros
545 3610 679 3667 repertas,
697 3597 865 3690 interpolatis
878 3609 903 3650 et
912 3596 1052 3688 permixtis
1065 3595 1148 3647 sacris
1162 3614 1179 3646 a
1190 3595 1250 3645 Per·

203 3696 240 3730 srs
251 3677 354 3738 ductis
347 3676 496 3726 barbaros
507 3693 551 3728 eos
564 3674 697 3748 Phrygrcae
707 3695 815 3748 originis
827 3679 944 3730 fuisse
915 3695 995 3747 ipso
1007 3693 1144 3746 signorum
1156 3674 1250 3726 habitu

206 3769 326 3828 apparet.
343 3754 432 3808 Simile
445 3754 593 3824 judicium,
611 3768 673 3822 aut,
689 3758 711 3807 si
724 3760 823 3818 mavis,
840 3758 1018 3850 suspicionem
1031 3757 1121 3810 facere
1138 3754 1203 3806 licet
1218 3753 1249 3806 de

205 3835 256 3887 deo
265 3839 355 3899 Luno,
369 3836 414 3903 qui
427 3846 453 3884 et
464 3836 521 3903 ipse
531 3832 644 3906 Phrygio
656 3795 774 3890 liabitu'
767 3856 795 3888 ιιι
806 3840 906 3901 numis,
918 3836 1029 3927 gemmis
1043 3822 1192 3905 sigillisque
1207 3851 1250 3884 oc·

205 3918 302 3977 currit3
315 3927 344 3965 nt
361 3912 396 3964 ad
407 3912 531 3984 Phrygias
550 3916 751 4004 superstitiones
771 3919 826 3986 ejus
841 3918 928 3988 prima
945 3916 1025 3966 ιιοιιο
1032 3912 1176 3968 referenda
1195 3930 1249 3965 esse

203 3995 333 4048 videatur.
345 3993 407 4044 Fuit
419 3993 505 4056 euim,
516 3995 607 4046 nescio
621 3994 793 4064 quomodo,
785 3999 897 4050 interior
910 3996 955 4050 ille
967 3996 1036 4051 Asiae
1052 3994 1164 4046 minoris
1181 4005 1250 4046 trac·
