2724 4600
150 283 153 290 ’
242 289 303 356 ι66
485 287 520 348 Ρ.
544 282 774 348 VIRGILII
797 284 1026 354 MARONIS

239 412 387 494 Quosne,
401 407 508 487 nefas,
521 407 627 472 omnis
639 405 773 484 infanda
785 408 819 471 in
830 425 937 472 morte
948 410 1089 498 reliqui?

239 517 282 581 Et
294 537 382 581 nunc
392 514 530 602 palantis
541 511 652 593 video,
667 514 891 603 gemitumque
904 514 1080 582 cadentum

239 620 394 709 Adcipio:
408 619 489 709 quid
500 621 581 707 ago?
591 636 647 684 aut
659 619 808 709 quaejam
821 622 896 685 satis
909 621 974 686 ima
987 620 1134 687 dehiscat
1232 637 1275 698 675

239 729 342 790 Terra
355 725 454 789 mibi?
465 747 537 805 vos,
551 748 572 789 o
583 726 693 813 potius
705 727 918 807 miserescite,
932 728 1036 808 venti,

238 834 279 896 ln
291 853 403 919 rupes,
418 834 450 896 in
463 853 551 910 saxa,
565 830 678 896 volens
691 853 748 896 vos
760 834 893 918 Turnus
903 833 1021 913 adoro,

237 940 334 1002 Ferte
346 955 463 1016 ratem,
477 938 636 1026 saevisque
648 936 739 1001 radis
751 938 903 1003 inmittite
915 940 1030 1029 SyrtiS,

236 1044 312 1126 Quo
324 1067 432 1133 neque
445 1067 497 1108 me
510 1043 637 1122 Rutuli,
651 1065 712 1108 nec
724 1045 854 1110 conscia
865 1046 952 1109 fania
963 1060 1129 1134 sequatur.
1142 1073 1155 1104 u

237 1150 318 1216 Haec
329 1171 528 1228 memorans,
542 1150 653 1215 animo
665 1172 753 1216 nunc
765 1149 845 1230 huc,
858 1172 947 1216 nunc
959 1151 1095 1217 fluctuet
1107 1150 1200 1232 illuc3
1230 1160 1271 1208 ⁶⁸0
1350 1195 1351 1200 κ

237 1257 371 1321 Ansese
383 1277 540 1320 mucrone
553 1254 596 1320 ob
609 1270 737 1318 tantum
748 1253 893 1322 dedecus
904 1278 1017 1322 amens
1191 1269 1194 1274 ’
1350 1251 1351 1254 “

266 1442 320 1503 673.
344 1442 428 1499 Quime
447 1443 504 1503 (pro
521 1441 599 1498 eosne)
620 1440 685 1502 dspri
711 1453 745 1489 est
769 1441 840 1488 lectio
860 1441 922 1504 apud
944 1444 1048 1488 Serrium
1068 1441 1097 1486 sb
1119 1441 1216 1486 Heinsio
1238 1454 1271 1485 re-

235 1526 316 1575 cepta,
335 1512 460 1558 accedente
478 1527 526 1556 uno
544 1511 622 1567 Leid.,
641 1527 685 1558 nec
702 1513 811 1558 abhorret
828 1513 915 1560 Medic.
935 1529 948 1559 a
965 1529 996 1558 m.
1013 1526 1059 1559 tec.
1077 1512 1177 1571 Quosne,
1201 1522 1225 1556 et
1243 1512 1273 1555 sic

235 1587 307 1630 ceteri
328 1585 406 1628 Heins.
428 1599 481 1628 cum
502 1582 571 1628 Gotb.
590 1598 625 1644 pr.
647 1583 745 1645 Vulgo:
766 1584 883 1648 Quosque,
900 1600 946 1632 nee
962 1585 1029 1632 aliter
1045 1586 1110 1631 Hom.
1129 1581 1200 1628 Goth.
1222 1591 1272 1626 tert.
1351 1621 1352 1626 ,

237 1653 354 1716 Quodque.
365 1654 424 1697 Tum
434 1654 489 1697 inin
497 1652 603 1714 piurimis
613 1653 673 1699 Pier.
682 1666 705 1699 et
711 1655 792 1701 Heius.
804 1655 968 1701 desideratum.
979 1654 1079 1718 reir'rrquo
1089 1656 1172 1700 Franc.
1182 1677 1213 1687 -
1224 1649 1274 1712 674.

234 1721 357 1785 pellentes,
369 1719 434 1784 quod
445 1723 518 1767 miror
529 1723 714 1784 Luninghamum
725 1724 838 1786 probare,
849 1725 936 1772 Medic.
953 1743 966 1771 a
986 1741 1016 1770 m.
1032 1741 1068 1788 pr.
1085 1726 1160 1786 bigot.
1174 1734 1198 1768 et
1210 1720 1275 1766 Gotb.

235 1805 303 1848 tert,
322 1790 361 1838 alii
376 1790 497 1855 pudentes.
512 1796 651 1858 qemitusque
666 1794 761 1842 Vratisl.
781 1807 804 1841 et
819 1795 862 1840 Ed.
875 1811 912 1857 pr.
928 1797 1053 1840 Burmann.
1064 1820 1094 1830 -
1105 1793 1159 1860 ⁶7⁵:
1171 1791 1276 1854 Adspicis

234 1865 305 1911 Goth.
318 1877 370 1911 tert.
389 1876 412 1910 et
423 1864 519 1911 Dorvill.
534 1865 594 1924 Quid
608 1867 669 1930 apo?
680 1883 707 1913 ex
720 1867 827 1914 Mediceo
841 1879 863 1913 et
874 1870 957 1914 ceteris
972 1870 1019 1913 suis
1031 1866 1133 1912 restituit
1144 1865 1224 1910 Heius.
1235 1877 1276 1924 pro

235 1935 297 1995 Quid
308 1937 390 2000 aqum?
402 1935 463 1993 Quid
472 1937 533 2000 epo?
542 1937 588 1982 Eri.
602 1939 675 1983 Porro
690 1946 713 1982 et
727 1954 778 2003 quse
796 1938 881 1985 Medic.
894 1955 907 1984 a
918 1955 949 1984 m.
964 1954 1014 2000 pn,
1028 1954 1072 2000 pro
1082 1950 1171 1999 sequte,
1181 1934 1276 1997 putabat

233 2007 313 2052 Heius.
327 2007 357 2051 cf.
369 2004 398 2052 ad
407 2006 451 2061 ΙΙΙ,
462 2005 516 2062 361.
529 2009 584 2052 satis
594 2024 638 2053 una
649 2010 724 2070 Bigot.
735 2008 832 2054 dehiscet
840 2009 906 2054 Hom.
913 2043 920 2064 ,
927 2010 1041 2072 probante
1049 2009 1137 2062 Pierio,
1147 2018 1187 2050 sex
1196 2005 1274 2049 Heius.

232 2079 328 2142 duoque
339 2080 464 2123 Burmann.
484 2077 576 2124 dehiscit
586 2095 622 2142 pr.
635 2082 700 2126 Voss.
712 2079 801 2127 zulich.
815 2098 827 2125 a
842 2097 872 2125 m.
887 2098 923 2144 pr.
942 2081 1012 2126 Goth.
1030 2092 1083 2126 tert.
1095 2104 1126 2114 -
1137 2076 1191 2140 676.
1208 2093 1222 2121 o
1237 2075 1274 2120 ab·

232 2159 282 2194 erut
293 2149 428 2192 Homeros
437 2163 451 2192 o
460 2150 534 2209 potius
540 2149 626 2194 Medic.
634 2151 713 2196 Pierii.
721 2177 751 2186 -
758 2151 812 2212 677.
824 2151 853 2195 In
861 2152 947 2210 Syrtis,
957 2153 980 2195 iu
988 2165 1045 2195 saxu
1053 2150 1163 2194 Priscian.
1173 2145 1275 2199 lih.v¹1;

232 2230 256 2264 et
269 2219 302 2262 sic
316 2217 408 2278 Mensg.
420 2216 474 2272 alt,
487 2233 558 2280 quum
571 2231 649 2266 tamen
658 2222 735 2279 Syrtes
744 2224 818 2267 statim
829 2234 963 2284 sequuntur.
975 2247 1005 2257 -
1015 2221 1069 2282 678.
1080 2221 1148 2264 Ferre
1157 2234 1193 2280 pr.
1204 2217 1275 2261 Hum-

232 2287 300 2348 burg.
312 2289 420 2350 saevuque
430 2286 494 2332 malis
504 2287 574 2333 Goth.
591 2302 642 2335 tert.
655 2291 743 2349 Syrtes,
757 2307 808 2354 que.
820 2292 890 2354 vulgo
902 2291 1023 2354 leguntur,
1032 2301 1112 2336 tuetur
1123 2289 1202 2334 Heius.
1216 2304 1228 2332 e
1240 2301 1275 2348 pr.

231 2359 308 2403 Moret
320 2357 381 2402 Gud.
397 2369 419 2402 et
431 2371 529 2420 utroque
540 2360 650 2405 Hottend.
660 2363 753 2407 Utinam
772 2362 841 2408 simul
857 2365 1073 2426 interpretationem
1089 2359 1274 2423 suppeditasset:

232 2442 302 2490 quum
319 2426 388 2472 talem
400 2443 448 2472 essc
460 2429 560 2473 arbitror
570 2445 575 2473 :
587 2432 696 2476 immittite
705 2433 782 2492 Syrtes
791 2433 815 2478 b.
828 2435 853 2478 in
865 2435 954 2498 Syrtes,
967 2445 993 2478 ut
1011 2444 1033 2478 et
1051 2430 1107 2477 aiibi
1123 2441 1198 2476 amat:
1211 2429 1275 2472 soevis

230 2498 307 2552 uadis,
318 2496 435 2553 absolute,
448 2497 488 2542 ubi
496 2498 554 2543 vada
563 2501 658 2546 exitiosa
668 2515 729 2547 sunt.
742 2504 800 2549 Nam
811 2505 830 2550 si
840 2503 906 2550 malis
916 2506 1035 2565 accipere:
1047 2511 1104 2556 et,o
1115 2497 1276 2559 Syrtes,vad1'⁵

231 2566 465 2613 onmtttitetatienum
473 2567 518 2614 hoc
526 2581 585 2615 esset
592 2570 621 2615 ab
632 2570 677 2616 boc
687 2571 752 2630 loco,
760 2590 833 2637 quum
840 2592 852 2620 a
860 2575 965 2640 Syrtibus
974 2572 1056 2618 Airicae
1065 2571 1135 2633 longe
1145 2570 1204 2615 absit
1211 2582 1274 2612 nunc

228 2639 329 2683 Turnus.
342 2636 440 2699 Vulgata
459 2636 541 2694 lectio,
559 2639 661 2686 Medicei
673 2658 782 2706 quoque,
796 2645 871 2690 multo
882 2636 1015 2690 suavior-'et
1030 2641 1123 2686 lenior:
1138 2640 1219 2698 Syrtis.
1236 2637 1274 2680 Est

230 2711 293 2756 enim
306 2721 329 2755 et
340 2724 386 2754 una
397 2711 469 2774 Syrtis
479 2725 485 2754 t
495 2722 521 2754 ut
532 2710 572 2766 Ν,
584 2711 627 2767 413
640 2725 662 2757 et
674 2715 707 2758 sic
721 2716 781 2759 vada
791 2717 877 2776 Syrtis,
889 2729 915 2762 ut
925 2717 1033 2775 Syrtium.
1045 2715 1094 2759 Nec
1105 2713 1198 2757 Servius
1208 2707 1275 2754 aliter

230 2779 331 2842 legeram
341 2783 420 2844 itaque
431 2783 551 2837 revocavi,
563 2785 647 2829 comite
660 2785 785 2832 brunckio.
795 2789 851 2850 Sup.
865 2789 889 2842 1,
904 2802 943 2832 ιιι
959 2789 987 2831 itt
998 2783 1072 2831 breuia
1082 2792 1104 2828 et
1113 2783 1202 2842 Syrtes,
1212 2786 1275 2842 urqet

227 2850 374 2916 —Iliiditque
381 2853 675 2920 vadismqueaqqerecinqit
682 2857 850 2920 arente-679.
860 2856 1004 2903 RutulusEd.
1012 2873 1048 2919 pr.
1059 2857 1137 2900 Burm.
1146 2847 1274 2898 etMediol.

228 2937 301 2987 neque
317 2922 388 2985 vulgo
404 2935 456 2968 ante
469 2924 548 2969 Heius.
558 2923 612 2986 fata
628 2927 683 2971 Exr.
695 2929 820 2974 Burmann.
838 2936 962 2992 sequantur
977 2929 1002 2972 in
1018 2924 1112 2979 iisdem,
1124 2922 1191 2967 Leid.
1203 2932 1227 2966 et
1237 2935 1273 2982 pr.

226 2992 353 3057 Hamburg.
364 3020 395 3030 -
404 2994 458 3040 680.
468 2997 567 3040 animum
579 3012 661 3058 magna
673 3015 726 3061 pars
736 3000 818 3056 codd,
830 3012 856 3045 ut
867 2999 910 3046 sibi
926 2999 1035 3046 Heinsius
1050 3010 1098 3042 non
1110 3005 1214 3049 constet,
1231 2992 1272 3054 qui

226 3067 370 3126 grecismum
380 3065 487 3122 hicnon,
500 3079 526 3112 ut
537 3067 604 3124 alibi,
617 3084 677 3132 saepe
684 3087 733 3117 non
742 3072 784 3117 hae
792 3072 861 3117 codd.
873 3073 1021 3124 auctoritate,
1033 3069 1129 3129 recepit.
1139 3092 1171 3102 -
1179 3065 1235 3132 681.
1246 3061 1273 3108 ob

227 3143 316 3181 tuntum
325 3153 430 3184 murrone
440 3138 544 3185 Parthas.
560 3155 688 3187 mucronem
698 3142 786 3189 Zuiicb.
799 3156 822 3190 et
840 3142 909 3188 Goth.
926 3159 962 3204 pr.
979 3143 1064 3200 sicque
1075 3139 1208 3182 Priscianus
1221 3135 1276 3196 legit

227 3215 252 3248 et
264 3207 431 3268 interpretatur
443 3207 507 3269 apud
518 3211 579 3255 Pier.
598 3223 621 3256 et
637 3212 729 3266 Heius,
741 3228 789 3258 non
802 3212 909 3261 indocte.
927 3212 1017 3254 induere
1027 3221 1051 3252 se
1065 3207 1117 3265 (in)
1135 3219 1272 3250 mucronem.

226 3273 344 3320 Romanus
354 3291 360 3320 :
371 3281 478 3323 mucroni.
491 3278 539 3324 Sed
550 3291 573 3325 et
584 3296 689 3327 mucrone
699 3298 724 3327 se
738 3283 828 3327 iuduere
840 3281 932 3341 elegans
941 3280 995 3324 satis
1005 3292 1011 3320 ε
1021 3275 1050 3320 de
1062 3288 1174 3318 mucrone
1187 3272 1272 3329 infixoj

225 3427 401 3479 miserationis
411 3432 555 3485 facientes:
573 3435 725 3508 Utrdeiquo
769 3435 874 3487 Helenae
893 3433 939 3484 iila
955 3429 1031 3483 iliad.
1047 3433 1079 3498 ζ,
1099 3428 1151 3496 343
1163 3447 1223 3500 sqq·
1235 3455 1270 3467 -·

224 3504 303 3554 veui?
315 3503 377 3558 levis
385 3527 437 3559 una
448 3523 569 3577 moreest,
582 3513 669 3564 Carm.
680 3517 724 3574 111,
769 3515 828 3584 678.
840 3514 972 3564 immittite
984 3528 1080 3562 navem
1089 3511 1117 3560 in
1128 3509 1200 3560 vada
1210 3509 1270 3578 Syr-

228 3598 275 3651 27,
290 3583 333 3634 36.
347 3613 382 3624 -
394 3586 453 3655 673.
469 3590 570 3658 Quosne
583 3591 662 3644 docte
674 3610 724 3661 pro
770 3593 816 3655 tis,
829 3593 855 3642 in
867 3590 954 3663 Syrtin
973 3589 1108 3640 undosam.
1129 3587 1182 3640 vid.
1202 3589 1265 3638 Var.

224 3663 321 3714 soene?
330 3691 363 3700 -
373 3664 432 3733 675.
446 3667 506 3736 676.
515 3672 545 3721 ln
552 3670 656 3741 pudore
669 3670 724 3722 soi·
768 3671 840 3721 Lect.
854 3701 889 3710 -
902 3671 962 3722 681.
974 3668 1098 3720 Sollenne
1108 3678 1147 3720 est
1159 3667 1266 3738 poetis:

222 3741 300 3794 lenne
321 3741 373 3805 hoc
392 3747 447 3814 jam
469 3750 585 3803 Homero
607 3745 662 3804 ries
683 3771 724 3817 μοι
770 3749 879 3802 induere
897 3769 924 3803 se
940 3748 990 3802 telo
1007 3762 1033 3802 et
1053 3748 1080 3800 iu
1098 3747 1194 3812 telum,
1208 3761 1266 3814 quae

221 3816 289 3885 χάνοι
300 3821 377 3890 stipsis
386 3823 472 3888 χθὸι,
484 3847 534 3880 nec
546 3831 725 3902 argutsndum
768 3832 866 3900 passim
880 3842 1037 3894 occurrunt,
1050 3846 1176 3880 mucrone
1189 3825 1266 3878 infi¹⁰

221 3903 289 3954 ineo
302 3901 375 3971 quod
384 3921 456 3956 nssnc
466 3911 534 3960 mari
545 3909 639 3962 fertur.
651 3912 723 3964 coni.
769 3922 795 3960 et
814 3909 959 3962 visceribus
976 3920 1098 3980 recep¹⁰r
1110 3919 1140 3958 ¹¹¹
1152 3921 1265 3976 corpore

224 3999 281 4052 sup.
297 3981 331 4034 ad
343 3983 387 4053 w,
402 3985 548 4056 ι4.-677.
560 3989 724 4062 Comparaut
769 3991 846 4062 quasi
867 3991 997 4054 condetur
1013 4002 1040 4045 et
1053 4001 1172 4061 tegatur:
1190 3985 1262 4042 conf.
