2690 4596
452 343 688 433 -onunuu.

54 469 97 540 Et
110 495 222 539 secum
233 469 340 536 Turni
352 490 445 535 casus
457 469 630 532 miseratus
643 465 794 546 acerbos,

54 581 122 662 Qui
135 576 223 644 haud
236 600 335 667 parva
348 597 406 664 spe
418 575 538 640 ductus
551 595 652 639 ovans
665 574 822 662 in'praelia
835 590 942 641 tantos

56 686 197 750 Civisset
206 667 332 763 motus,
346 682 506 771 durisque
518 682 650 746 arsisset
662 681 696 744 in
708 668 816 744 armis.

55 795 148 856 Tum
158 814 238 855 vero
251 807 374 855 aeterno
383 789 571 878 junguntur
582 779 708 850 foedera
721 798 807 850 nexu

57 898 238 976 Connnhii,
253 897 423 985 multaque
436 911 559 959 canunt
571 917 647 958 cum
660 891 757 957 laude
771 891 959 982 hymenaeos
972 916 979 956 ε
1061 909 1104 971 475

56 1004 190 1069 Dehine
201 1005 334 1093 plausus
347 1004 565 1090 fremitusque
577 993 681 1065 altum
693 1022 793 1089 super
804 1020 879 1065 aera
890 1001 1039 1082 mittunt,

57 1114 103 1176 Et
115 1110 222 1174 laetam
234 1133 351 1174 vocem
363 1131 424 1198 per
435 1109 525 1196 regia
537 1124 624 1172 tecta
634 1107 794 1171 volutant.

105 1219 147 1279 At
159 1202 268 1280 lidum
276 1214 399 1280 interea
413 1219 529 1280 AEneas
541 1215 663 1278 affatur
674 1211 836 1293 Achaten,

58 1322 181 1402 Vadat‚
196 1340 229 1388 et
240 1320 480 1387 Andromachae
493 1319 663 1410 quondam
675 1318 750 1383 data
763 1317 915 1400 munera,
929 1335 1036 1384 vestes

59 1433 206 1494 lntextas
218 1451 299 1492 auro
311 1426 409 1506 ferat,
424 1444 469 1507 et,
484 1420 575 1514 quod
588 1446 674 1514 saepe
687 1425 828 1506 solebat,
1064 1437 1109 1494 480

60 1539 152 1600 Dum
164 1557 216 1599 res
228 1534 380 1623 Trojanae
392 1533 534 1612 stabant,
549 1530 753 1596 circumdare
766 1532 852 1596 eollo

60 1645 237 1719 Auratum,
252 1640 390 1728 gemmis
403 1639 727 1727 circumseptumque
740 1637 863 1700 monile
876 1659 882 1699 :

62 1753 226 1814 Praeterea
238 1769 394 1836 magnum
407 1762 533 1812 cratera
545 1747 579 1809 in
592 1747 711 1834 pignus
724 1747 859 1825 amoris,

56 1851 174 1939 'Quem
186 1856 332 1920 Priamus
345 1855 430 1943 patri
442 1853 593 1920 Anchisae
607 1835 787 1918 donaver'at
802 1854 891 1917 olim.

64 1966 137 2029 Nec
149 1985 255 2042 mora,
265 1961 355 2051 jussa
368 1983 511 2050 sequens
523 1959 746 2048 pulcherrima
757 1974 868 2046 portat
879 1957 1019 2024 Achates
1069 1973 1113 2030 485

62 2073 226 2136 Munera:
240 2085 319 2132 tunc
331 2089 426 2132 socer
437 2067 607 2154 ingentem
618 2082 741 2130 cratera
755 2066 891 2129 Latinus

67 2256 117 2309 ubi
132 2257 234 2328 Regina
249 2253 419 2307 vehementer
436 2256 525 2307 animo
541 2252 683 2324 perculsa,
705 2271 760 2304 non
784 2253 870 2306 solum
889 2253 1116 2324 pulchritudinem

67 2338 137 2401 viri,
150 2336 196 2388 sed
210 2355 286 2388 casus
299 2337 426 2401 miratur,
438 2347 464 2386 et
477 2333 613 2406 quomodo
632 2333 666 2386 ad
683 2336 784 2405 ipsam7
796 2333 867 2386 nulli
880 2335 961 2401 uuus,
976 2341 1116 2408 pervenire

68 2417 199 2490 potuerit.
209 2445 244 2454 «-
254 2417 313 2483 472.
330 2415 383 2485 Qui
395 2414 467 2466 haud
474 2434 557 2486 parva
566 2433 610 2485 spe
620 2418 719 2466 ductus.
730 2414 822 2465 Talem
834 2414 935 2466 scilicet
945 2435 1054 2469 uxorem
1064 2418 1116 2469 du·

70 2493 167 2557 cendi,
183 2493 278 2546 virtute
297 2494 425 2566 inqentem
442 2495 520 2545 simul
538 2507 564 2546 et
577 2493 687 2565 foranu:
701 2493 794 2546 melius
812 2493 878 2546 dixit
894 2496 971 2546 Maro
985 2498 1118 2570 eqreqium

64 2576 161 2648 forma
170 2577 313 2646 juvenem:
329 2594 378 2626 nec
395 2575 533 2628 elisionem
550 2574 617 2627 adeo
637 2575 747 2639 duram,
765 2575 813 2646 qui
828 2575 918 2640 haud,
936 2578 1011 2628 initio
1028 2597 1119 2630 versus

71 2655 215 2707 admittere
227 2673 344 2723 uuquam
359 2654 493 2706 voluisset.
504 2683 539 2694 —-
549 2655 608 2724 475.
627 2655 759 2707 Connubit'
767 2693 775 2719 ,
789 2651 926 2728 multaque
939 2669 1053 2722 caninat,
1068 2671 1118 2712 etc.

71 2733 267 2805 Epithalamia,
278 2733 334 2784 scil.
348 2736 465 2785 carmina
477 2735 625 2804 nuptialia,
639 2750 697 2804 quae
710 2733 768 2784 lata
785 2746 811 2784 et
817 2732 953 2801 jucunda,l
962 2754 1022 2789 cutn
1035 2735 1121 2787 bono-

72 2833 136 2866 rum
149 2813 293 2864 multorum
306 2815 520 2883 comprecatione
533 2813 590 2864 lieri
603 2812 698 2864 solent.
711 2812 742 2861 A.
753 2842 787 2851 —
797 2813 847 2882 477
873 2815 909 2864 Et
921 2813 1009 2866 loetam
1024 2833 1119 2866 vocem.

73 2895 147 2962 Quia
161 2895 246 2946 omnis
260 2895 366 2945 tristitia
377 2893 412 2944 ab
422 2895 575 2964 nuptiarum
585 2895 709 2963 auspiciis
720 2892 929 2964 prohibebatur:
940 2896 1033 2947 confer
1043 2898 1122 2948 etiam

72 2992 144 3027 vers.
156 2991 221 3044 729,
232 2975 278 3056 lih.
291 2976 312 3026 1.
322 2973 425 3026 AEneid.

185 3088 227 3138 Fit
239 3088 364 3158 strepitus
377 3087 466 3148 tectis3
480 3105 627 3157 vocemque
638 3106 688 3158 per
701 3087 790 3159 ampla
801 3085 925 3138 volutant
971 3103 973 3108 ·

185 3166 268 3219 Atria.

78 3290 205 3362 Virgilius
218 3293 246 3342 in
259 3292 352 3362 quinto
361 3279 502 3356 AEneidos‚
519 3290 567 3358 148
578 3304 604 3343 et
614 3310 688 3364 seqq.
701 3290 793 3344 eadem
807 3289 896 3342 adhuc
905 3288 1018 3340 vividius
1030 3291 1123 3360 pinxit.

189 3405 257 3455 Tum
270 3405 366 3475 plausu
379 3406 539 3476 fremituque
551 3407 651 3472 virum,
664 3405 812 3476 studiisque
823 3405 961 3456 faventum

188 3484 325 3538 Consonat
337 3505 415 3538 omne
427 3505 533 3548 nemus;
546 3505 693 3558 vocemque
705 3486 810 3538 inclusa
822 3484 945 3536 volutant
961 3522 964 3529 .

188 3563 296 3618 Litora:
310 3566 409 3638 pulsati
421 3567 504 3620 eolles
516 3567 633 3620 clamore
646 3567 784 3619 resultant:

120 3683 181 3752 478.
194 3679 323 3754 Atjidum
335 3682 440 3734 interea.
454 3682 532 3736 Sinin
543 3681 589 3734 lib.
600 3682 703 3734 AEneid.
717 3682 744 3749 l,
756 3702 781 3736 v.
795 3680 847 3748 648
860 3691 886 3732 et
897 3696 955 3748 sqq.
968 3677 1081 3732 mittitur
1095 3682 1129 3734 ad

84 3782 183 3818 naves:
203 3763 251 3816 sed
267 3764 304 3815 ibi
316 3764 453 3835 epitheton
469 3766 578 3835 negotio
591 3775 683 3836 aptum
699 3762 797 3834 delegit
811 3773 907 3833 poeta:
926 3759 1078 3830 «illepidum
1097 3760 1132 3812 ad

85 3862 168 3896 naves
180 3843 450 3914 praemittitAchaten.
462 3865 472 3890 n
485 3843 583 3895 Verum
593 3862 648 3894 non
656 3845 801 3914 incongrue
808 3841 866 3904 hie,
873 3834 963 3911 fidum
974 3837 1053 3890 dicit:
1068 3841 1132 3908 quia

88 3924 123 3977 ad
130 3923 196 3976 talia
203 3923 275 3975 dona
283 3923 433 3989 afferenda,
440 3941 494 3974 non
502 3921 629 3996 nisifidus
637 3924 794 3975 mitteretur.
803 3919 926 3989 -479...
935 3918 994 3986 489.
1006 3916 1130 3967 Munera·

87 4005 138 4055 Hic
152 4004 233 4055 etiam
244 4002 396 4056 revocanda
411 4015 473 4055 sunt
487 4003 566 4075 plura
582 4001 708 4056 AEneidos
724 4002 785 4054 loca
800 4023 806 4052 ε
822 3999 885 4052 vide
899 3999 927 4049 in
944 3997 1030 4068 primo
1047 3994 1132 4062 libro,

87 4080 156 4147 651,
174 4098 233 4152 sqq.
250 4081 380 4143 Munera5
393 4081 514 4153 patim,-
534 4082 670 4145 velamem
688 4093 794 4135 ornatus
810 4077 918 4133 Helenoe
927 4099 937 4140 ,-
957 4076 1026 4128 dona
1043 4073 1134 4142 Ledoep
