2736 4598
232 287 296 357 230·
478 285 512 350 r.
537 232 768 350 virumn·
792 277 1025 351 aaronis

231 414 287 477 Est
298 414 441 490 animus,
455 426 663 500 poscuntque
676 410 747 474 solo
760 407 923 474 decedere
935 427 1064 489 nostro,

230 521 283 583 Bis
296 518 396 583 denas
410 520 491 583 Italo
503 535 651 582 texamus
663 515 782 582 robore
795 517 902 596 navis,

231 629 295 692 Seu
307 626 410 714 pluris
423 627 579 714 conplere
591 625 702 690 valent
710 649 718 702 ;
726 624 815 713 jacet
827 626 933 688 omnis
946 622 988 688 ad
999 622 1126 688 undam

230 735 384 798 Materies
397 757 403 795 :
417 734 480 820 ipsi
492 753 734 818 numerumque
747 729 951 818 modumque
964 730 1083 794 carinis

230 840 439 927 Praecipiunt,
451 861 512 904 nos
525 859 602 915 aera,
616 860 746 916 manus,
760 836 886 901 navalia
899 835 1026 902 demus.

231 947 405 1023 Praeterea,
420 945 477 1032 qui
490 943 576 1010 dicta
589 945 708 1022 ferant,
724 960 757 1007 et
768 942 893 1008 foedera
905 943 1055 1022 firment,

232 1053 372 1114 Centum
385 1067 531 1126 oratores
543 1052 649 1138 prima
661 1048 703 1113 de
716 1066 814 1136 gente
827 1050 960 1114 Latinos

233 1157 284 1220 lre
297 1156 417 1244 placet,
430 1157 587 1244 pacisque
599 1180 700 1220 manu
712 1155 919 1244 praetendere
932 1177 1055 1233 ramos,

233 1264 372 1326 Munera
384 1263 560 1349 portantis,
573 1263 711 1350 aurique
725 1261 902 1350 eborisque
914 1261 1049 1338 talenta,

232 1371 274 1434 Et
286 1369 399 1434 sellam
412 1369 504 1456 regni
516 1369 731 1457 trabeamque
745 1369 885 1457 insignia
897 1369 1011 1434 nostri.

233 1477 402 1542 Consulite
415 1477 448 1538 in
461 1475 623 1555 medium,
637 1493 670 1540 et
682 1471 781 1540 rebus
793 1476 974 1540 succurrite
987 1475 1091 1539 fessis.
1105 1503 1119 1531 u
1237 1484 1279 1532 335
1357 1469 1358 1472 '

228 1639 289 1700 fines
307 1635 345 1682 vel
364 1634 421 1699 leq&
438 1635 527 1682 Zulicb.
546 1633 641 1681 altumve
659 1635 748 1698 aliquot
764 1651 800 1696 ap.
819 1636 946 1681 Burmann.
961 1649 1013 1681 com
1027 1633 1098 1680 Gotb.
1115 1647 1163 1679 aec.
1182 1656 1215 1668 -
1230 1630 1281 1676 325.

232 1716 372 1770 poscuntque
389 1722 435 1752 sec.
456 1707 541 1752 Moret.
556 1717 579 1752 et
597 1707 685 1766 Rigor,
702 1705 775 1768 idque
785 1709 833 1769 jam
848 1707 944 1752 Heinsio
957 1704 1057 1766 placuit,
1074 1707 1144 1752 etiam
1156 1700 1283 1748 Waddelio

233 1791 257 1828 et
276 1779 438 1841 Cuninqhamo
457 1795 462 1824 :
483 1790 506 1823 et
528 1777 596 1824 valde
617 1780 700 1840 utique
717 1777 811 1824 arridet.
833 1779 938 1840 languet
958 1780 1020 1822 euim
1040 1777 1154 1831 alterum,
1174 1781 1283 1837 possunt,

233 1851 304 1898 rivel
322 1853 420 1897 maxime
438 1849 468 1896 ad
483 1849 528 1894 fata
546 1864 662 1895 revoces:
681 1852 700 1895 ai
718 1849 824 1910 perlata
845 1850 922 1895 facere
941 1848 1022 1905 liceat,
1040 1862 1067 1894 ut
1085 1849 1180 1894 Servius
1200 1845 1282 1892 voluit.

234 1922 312 1978 Adde,
326 1922 391 1986 quod
406 1929 502 1984 possum
514 1919 594 1982 paullo
615 1919 752 1966 insolentius
773 1922 874 1982 potitum
893 1932 947 1966 ante
966 1922 1014 1982 jam
1035 1918 1175 1965 occurrebat
1196 1933 1218 1964 v.
1240 1915 1282 1976 3⁰7

231 2010 273 2040 uec
293 1997 347 2040 vicu
362 2002 457 2056 possum
473 1991 580 2037 absistere
591 1991 665 2055 ferro.
686 2018 717 2028 -
735 1991 788 2037 326.
809 1989 890 2038 robora
908 1990 978 2036 Goth.
998 2004 1051 2037 tert.
1070 2014 1102 2024 —
1119 1989 1174 2050 3²7.
1193 1984 1284 2050 implere
1357 2031 1358 2042 q

233 2079 279 2110 sec.
296 2065 380 2110 Moret.
395 2077 419 2109 et
430 2079 466 2124 pr.
478 2063 560 2108 llamb.
572 2078 615 2124 pro
629 2080 676 2122 vap.
694 2062 748 2108 lect.
763 2060 842 2108 volunt
852 2063 945 2124 Menag.
965 2077 1000 2124 pr.
1019 2085 1051 2096 -
1066 2060 1120 2106 328,
1133 2069 1285 2120 numerosque

233 2139 309 2196 Sprot.
330 2160 362 2170 -
380 2134 433 2180 330.
446 2133 529 2196 ferunt
551 2150 562 2178 a
585 2149 615 2178 m.
632 2151 667 2195 pr.
685 2133 746 2178 Gud.
761 2134 859 2195 fimavit
881 2149 916 2195 pr.
934 2133 1060 2194 llamburg.
1080 2157 1113 2168 -
1132 2129 1187 2176 331.
1209 2130 1287 2173 Lutiui

233 2205 342 2267 plerique
356 2207 417 2250 Pier.
433 2217 456 2249 et
470 2217 571 2266 quatuor
585 2206 648 2265 apud
664 2207 804 2261 burmann,
820 2208 896 2252 minus
905 2205 974 2251 bene.
989 2224 1021 2240 -·-
1035 2203 1087 2250 332.
1099 2215 1189 2248 ramum
1198 2201 1285 2245 Moret.

233 2290 279 2321 tec.
294 2301 327 2311 -
344 2275 397 2320 333.
414 2274 531 2338 eborisque
548 2278 643 2338 cunque
661 2275 738 2338 vulgg.
759 2277 828 2333 edd,
846 2292 891 2323 uec
906 2276 977 2322 modo
992 2275 1048 2320 iude
1065 2275 1095 2320 ab
1113 2272 1167 2318 Md.
1185 2283 1241 2318 tert.
1259 2285 1286 2316 ex

234 2345 344 2406 Naugerii
360 2343 536 2400 emendatione,
556 2359 637 2390 verum
656 2348 704 2408 jam
726 2363 752 2392 ex
773 2348 810 2393 ed.
830 2363 865 2409 pr.
883 2347 911 2391 At
931 2350 988 2392 vett'.
1008 2344 1062 2391 edd.
1081 2359 1197 2390 unacum
1215 2340 1285 2390 codd.

236 2413 382 2467 omnibusid
395 2413 495 2470 babent,
506 2415 571 2477 quod
587 2416 666 2478 Heius.
683 2420 809 2464 revocavit.
824 2417 896 2464 eboris
909 2415 992 2462 talentu
1004 2432 1046 2477 per
1057 2430 1082 2461 se
1094 2425 1158 2462 reete
1171 2412 1220 2458 dici
1232 2429 1288 2476 poa-
1356 2427 1357 2458 1

234 2495 286 2529 sent
296 2499 302 2529 z
312 2485 437 2528 aestimatur
449 2486 512 2529 euim
526 2484 584 2530 ebur
597 2501 622 2530 ac
634 2487 745 2533 venditur
756 2487 786 2533 ad
798 2488 889 2534 libram.
902 2489 989 2533 Verum
1005 2485 1029 2531 b.
1045 2485 1062 2530 l.
1079 2499 1128 2530 uon
1144 2485 1287 2546 appenditur

234 2555 297 2601 ebur.
313 2557 384 2600 Aiunt
397 2555 427 2599 ad
438 2554 517 2601 sellam
527 2555 631 2603 curulem
642 2572 746 2619 spectare
758 2576 791 2606 va.
803 2572 955 2622 sequentem:
968 2557 1082 2628 implicita
1094 2558 1175 2620 itaque
1188 2558 1287 2603 interae
1356 2561 1357 2564 ’

235 2625 358 2672 collocavit
370 2630 428 2687 (per
438 2627 564 2673 chiasmum
575 2627 691 2676 illustrare
701 2630 777 2677 solent
788 2632 947 2694 grammatici)
961 2632 1014 2674 auri
1028 2626 1113 2674 talento
1124 2635 1148 2672 et
1155 2625 1230 2673 eboris
1239 2627 1284 2673 sel·
1356 2645 1357 2706 q

236 2695 288 2741 lum.
298 2698 387 2743 Mutari
402 2709 479 2744 autem
493 2701 721 2760 interpunctionem,
740 2717 809 2763 quam
825 2703 904 2746 burm.
917 2716 999 2761 parum
1012 2697 1158 2745 commodam
1174 2697 1289 2744 intulerat

233 2767 308 2814 hanc:
321 2771 419 2816 Munera
428 2779 543 2834 portantes
552 2774 659 2835 aurique,
669 2774 785 2836 eborisque
798 2771 894 2828 talentu,
906 2773 937 2816 Et
947 2769 1038 2826 seuam,
1049 2774 1122 2834 requi,
1134 2767 1287 2834 trabeamque,

234 2842 328 2904 inrr'qm'a
339 2844 415 2886 nostri.
426 2843 516 2888 Pierius
527 2841 671 2905 distinguere
680 2844 795 2890 malebat:
806 2845 840 2887 M.
851 2867 882 2878 -
891 2842 1019 2904 eborisque,
1031 2838 1114 2885 nunu
1125 2839 1159 2884 Et
1170 2837 1252 2884 sellam
1263 2855 1286 2883 n.

233 2911 293 2955 Tum
306 2908 433 2973 mentoque
443 2927 469 2956 ex
480 2911 565 2957 Medic.
578 2913 657 2958 Heius.
668 2925 796 2974 receperat.
808 2911 867 2957 Mihi
884 2911 945 2958 nihil
956 2911 1012 2957 dum
1023 2913 1077 2957 tatis
1091 2909 1183 2971 placet;
1195 2921 1288 2970 praestat

234 2991 312 3028 tamen
328 2983 464 3028 adsensum
478 2999 556 3030 meum
571 2983 643 3030 lectio
656 2999 710 3032 aute
724 2987 804 3032 licina.
821 2984 933 3048 vulgata:
953 2998 1047 3028 munera
1057 2989 1189 3044 portantes,
1200 2979 1287 3026 eboris·⁵

235 3069 327 3116 que,a.
342 3064 357 3099 t.

234 3201 313 3238 terra.
329 3215 363 3224 -
375 3187 435 3256 3²7·
449 3187 579 3259 complere
595 3193 734 3262 proprium
779 3191 832 3242 cita
842 3192 912 3243 inter
923 3209 950 3243 se
961 3191 1123 3248 collocasse;
1137 3184 1287 3238 cbiasmum

234 3265 433 3318 vocabulumde
442 3269 553 3318 sociiset
561 3271 646 3340 copiis
655 3288 735 3320 nava·
779 3272 946 3340 grammatici
957 3281 1068 3331 vocant,
1079 3268 1101 3317 si
1113 3264 1196 3317 modo
1209 3266 1286 3317 Maro

235 3339 738 3417 libus;utean'pope.Seru—329.nava·
781 3347 834 3399 boc
847 3349 940 3400 voluit.
951 3349 1006 3400 vid.
1019 3347 1165 3399 Vacbect.
1178 3375 1215 3384 -·
1226 3345 1285 3410 334.

236 3421 285 3486 lia,
294 3440 335 3474 res
343 3424 460 3489 navales,
470 3445 567 3491 ceram,
577 3429 667 3491 funes,
676 3427 737 3478 vela
781 3427 853 3479 Sella
862 3429 963 3480 curulis
976 3441 1002 3481 et
1011 3427 1103 3479 trabea
1113 3426 1232 3496 insignia
1242 3427 1287 3475 im·
1355 3477 1356 3486 q

236 3513 263 3552 et
284 3500 336 3551 alia
357 3501 510 3571 hujusmodi
536 3505 657 3566 Seruius,·
673 3523 736 3555 nam
781 3504 1286 3575 perii,etiutermuneramittisolita,
1355 3513 1356 3516 ’

234 3579 370 3630 materiem
388 3584 444 3650 jam
463 3596 665 3636 memoraverat.
677 3602 736 3632 ma·
781 3584 855 3655 apud
868 3587 1018 3651 Romanos,
1036 3585 1171 3640 Albanos,
1192 3584 1287 3634 Etrus-

233 3659 730 3727 nus,operas;malealiteralii.—33r.
780 3681 843 3728 cos,
863 3664 984 3736 adeoque
996 3664 1023 3716 b.
1041 3663 1059 3714 l.
1078 3676 1151 3716 recte
1168 3674 1196 3714 et
1213 3659 1285 3733 apud

231 3735 729 3812 primadcqentqprimisdegentibus,
775 3745 894 3795 Latinos,

233 3816 728 3890 exnobilitate.-332.pacisramos;v.
811 3823 871 3874 335.
880 3824 963 3894 fessas
978 3841 1015 3875 res
1023 3826 1079 3894 jam
1092 3821 1150 3871 AEn.
1165 3821 1215 3874 lib.
1229 3823 1279 3886 111,

233 3912 292 3966 sup.
316 3911 372 3946 101.
382 3925 418 3935 -·
430 3897 489 3949 333.
508 3897 569 3948 auri
590 3896 688 3947 talenta
704 3910 730 3948 et
779 3897 961 3970 rdbvidimus,
970 3902 1138 3966 debilitatae,
1148 3899 1282 3966 iufirmaS,

235 3972 436 4028 eborusellam:
451 3976 536 4028 videri
549 3973 628 4026 debet
644 3973 731 4044 impli·
775 3979 877 4032 viribus
888 3983 965 4053 regni
975 3980 1120 4033 exhaustis.
