2718 4594
235 292 299 382 276
480 290 516 351 P.
539 281 770 350 VIRGILII
793 283 1024 353 MARONIS

234 419 336 506 Ergo,
349 429 386 479 ut
396 413 494 478 missa
506 431 606 474 manu
618 407 763 474 sonitum
775 405 867 474 dedit
878 407 968 474 basta
980 431 1042 499 per
1051 432 1162 492 auras,

128 537 132 542 '
233 527 434 590 Convertere
445 519 572 583 animos
584 516 680 593 acris,
694 514 874 603 oculosque
886 511 992 580 tulere
1231 532 1275 578 snt

233 629 352 696 Cuncti
362 626 404 692 ad
416 624 563 712 reginam
574 620 703 686 Volsci:
717 619 799 685 nihil
812 619 881 708 ipsa
893 643 1002 711 neque
1013 645 1116 704 aurae,

232 737 301 801 Nec
313 733 439 798 sonitus
451 749 592 805 memor,
605 742 662 790 aut
675 723 837 790 venientis
848 724 890 790 ab
902 726 1024 792 aetbere
1036 727 1109 808 teli;

234 845 334 908 Hasta
346 836 407 904 sub
420 849 579 900 exsertam
591 829 699 896 donec
710 829 833 917 perlata
844 829 1001 918 papillam
1037 828 1041 836 ’

233 947 350 1025 Haesit,
363 938 614 1030 virgineumque
625 933 690 1000 alte
701 934 785 999 bibit
795 951 867 1000 acta
878 958 1040 1002 cruorem.

231 1056 441 1120 Concurrunt
452 1042 589 1132 trepidae
602 1041 752 1120 comites,
765 1038 1001 1132 dominamque
1013 1059 1177 1110 ruentem.
1228 1057 1272 1104 sot

230 1158 437 1248 Suscipiunt:
450 1150 621 1239 fugitante
634 1146 741 1213 omnis
754 1147 926 1212 exterritus
938 1150 1076 1228 Arruns,

231 1263 358 1330 Laetitia
369 1258 538 1344 mixtoque
550 1267 657 1331 metu;
670 1273 731 1317 nec
739 1250 808 1342 jam
820 1251 960 1339 amplius
973 1251 1072 1317 hastae

230 1369 388 1445 Credere,
402 1383 464 1428 nec
475 1359 549 1425 telis
561 1379 735 1423 occurrere
747 1357 881 1444 virginis
893 1356 1003 1422 audet.

229 1483 277 1546 Ac
288 1476 379 1544 velut
390 1471 460 1549 ille,
473 1467 565 1558 prius
578 1488 677 1554 quam
689 1465 754 1530 tela
766 1466 897 1529 inimica
908 1481 1102 1554 sequantur,

228 1645 300 1694 Goth.
310 1661 346 1708 pr.
364 1666 396 1679 -
414 1653 466 1702 799.
480 1634 560 1681 ubios.
577 1633 665 1680 Medic.
677 1659 709 1670 -
722 1634 776 1681 Boo.
794 1633 871 1682 oculos
886 1649 950 1682 aeres
965 1637 1094 1699 animosque
1105 1635 1172 1683 Leid.
1188 1641 1273 1684 munos

226 1717 315 1764 alacres
324 1710 417 1758 Vratisl.
428 1711 559 1754 Convertere
568 1708 653 1750 animos
662 1706 734 1760 acies,
745 1704 769 1749 b.
780 1706 864 1767 copiae,
874 1717 930 1751 vett.
941 1703 1007 1760 edd.‚
1017 1716 1043 1750 ut
1052 1706 1111 1750 Ven.
1126 1705 1192 1762 1484.
1205 1707 1272 1764 1486.

232 1787 289 1844 1405
304 1797 328 1832 et
338 1799 417 1845 seqq„
432 1781 500 1825 etiam
509 1778 635 1838 Egnatiaua
647 1777 752 1820 recensio
757 1791 765 1832 ;
779 1776 834 1821 item
846 1775 963 1830 Norinb,
975 1773 1039 1837 quod
1051 1773 1171 1820 Heinsium
1186 1776 1272 1839 lugi&

228 1839 307 1904 miror.
326 1857 471 1900 Burmannus
484 1859 573 1894 tantum
589 1846 634 1892 boc
648 1847 755 1891 monuit:
775 1850 854 1891 aucus
872 1845 949 1908 legere
967 1844 1025 1890 alios
1042 1847 1074 1890 ait
1089 1845 1194 1892 Carda-
1215 1848 1271 1907 Qu:

227 1929 302 1990 prima
311 1938 373 1971 acret
382 1921 479 1974 babeat,
489 1916 553 1979 apud
562 1932 599 1962 me
608 1915 691 1960 Aldina
701 1918 775 1978 prima
786 1927 820 1961 est
831 1931 883 1961 cum
894 1927 948 1961 cett.
957 1939 988 1950 ·-
995 1914 1048 1960 801.
1057 1913 1122 1960 Nihil
1132 1915 1172 1962 illa
1182 1917 1272 1980 aliquot

226 1997 341 2050 Pieriam,
355 1991 418 2038 unde
433 1989 535 2034 Catroeus
549 1997 666 2032 mutuatus
681 1997 726 2042 est,
742 1996 765 2031 et
778 2001 814 2046 pr.
829 1985 922 2047 Menag.
937 2000 1008 2049 neque
1022 1985 1101 2031 lleint.
1118 1998 1141 2031 et
1154 1985 1213 2032 libb.
1228 2003 1271 2050 pro

226 2083 274 2112 nec.
284 2064 388 2112 Tandem
400 2075 480 2114 auras,
491 2073 542 2121 quae
554 2069 619 2104 vetut
633 2055 730 2102 secundi
744 2071 809 2101 casus
820 2055 893 2100 forma
908 2056 964 2112 fuit,
978 2067 1004 2102 ut
1018 2057 1093 2112 Maia,
1108 2059 1197 2114 Muros,
1207 2068 1270 2121 pater

220 2135 337 2200 familias,
346 2133 435 2194 legerat
444 2133 529 2190 Asper,
545 2137 569 2173 et
583 2143 632 2172 eam
645 2128 764 2188 antiquam
779 2125 902 2171 lectionem
916 2141 964 2172 esse
978 2127 1071 2172 Servius
1085 2137 1189 2173 testatur.
1205 2128 1272 2176 Adde

227 2208 341 2268 Pompon.
351 2202 429 2248 Sabin.
443 2200 471 2244 ln
480 2199 592 2243 Pierianis
602 2210 679 2242 tamen
689 2212 715 2241 ea
728 2196 797 2242 codd.
810 2211 857 2241 non
872 2196 1021 2252 occurrebat,
1033 2211 1077 2242 nec
1088 2199 1113 2242 in
1128 2199 1270 2256 Heinsianis,
1343 2251 1344 2258 ἵ

223 2286 381 2337 preterquam
395 2270 420 2312 iu
433 2283 469 2328 pr.
485 2267 569 2312 Moret.
582 2265 656 2312 altero
668 2267 789 2328 Menapia,
804 2267 943 2330 Venetoque
953 2266 1054 2328 (quibus
1066 2266 1126 2313 adde
1135 2268 1234 2315 Dorvill.
1247 2281 1270 2317 et
1343 2267 1344 2274 ¹

228 2343 298 2389 Goth.
314 2357 364 2404 pr..
378 2341 484 2401 quisunt
498 2339 559 2382 inter
573 2338 772 2395 recentissimos),
786 2349 835 2382 tum
849 2339 874 2382 in
889 2337 962 2384 tribus
973 2336 1024 2383 aliis
1035 2353 1078 2399 pro
1090 2337 1137 2386 dir.
1151 2337 1269 2388 lectione:

227 2428 304 2474 eoque
319 2407 438 2455 alludebat
450 2406 525 2462 Gud,
539 2408 564 2452 in
579 2422 626 2470 quo
639 2421 704 2452 aura.
716 2408 743 2452 ln
755 2408 864 2454 Medieeo
877 2411 940 2454 auris
954 2423 1002 2454 esse
1016 2409 1095 2452 burm.
1111 2421 1193 2456 notat:
1207 2411 1271 2474 quod

227 2483 366 2544 aFogginio
380 2479 526 2524 observatum
542 2493 590 2523 non
606 2488 647 2523 est.
664 2480 738 2523 Etiam
754 2489 810 2525 vett.
825 2480 879 2525 edd.
898 2495 967 2526 ouras
982 2478 1081 2536 babent,
1098 2492 1124 2525 ut
1140 2481 1269 2528 Mediolan.

226 2555 287 2601 Ven.
303 2551 368 2611 1484.
382 2549 439 2607 1486
450 2561 473 2595 et
486 2549 516 2595 al.
529 2565 582 2596 oum
591 2551 687 2614 ligante
699 2553 799 2612 primum
812 2562 926 2596 mutatum
938 2551 1006 2598 video
1019 2552 1045 2596 in
1058 2550 1128 2596 Aldd.
1140 2567 1176 2614 pr.
1191 2565 1215 2599 et
1227 2554 1268 2600 rel.
1341 2557 1342 2562 ’

225 2641 299 2692 neque
308 2634 359 2670 ante
369 2621 437 2668 Goth.
450 2634 501 2668 tert.
513 2647 543 2656 —
551 2622 603 2669 80².
615 2621 695 2668 ethere
704 2621 754 2668 reli
762 2622 831 2668 Goth.
843 2635 895 2670 tert.
903 2649 934 2660 -
941 2623 994 2670 803.
1004 2623 1078 2668 Hasta
1086 2639 1128 2686 per
1136 2625 1206 2670 Goth.
1216 2638 1268 2673 tert.
1286 2635 1288 2641 ’

226 2705 344 2760 expertam
351 2695 417 2750 llom.
427 2699 529 2737 exortum
540 2692 609 2737 Goth.
620 2708 655 2755 pr.
666 2691 771 2754 perlapsa
786 2691 855 2738 Goth.
867 2709 912 2740 sec.
925 2691 1048 2738 numillum
1058 2707 1104 2739 tec.
1118 2694 1228 2740 bottend.
1238 2719 1268 2732 -
1340 2707 1341 2710 ’

228 2765 281 2813 805.
290 2767 391 2812 comitem
398 2763 420 2808 d.
427 2763 519 2824 Hagen.
528 2763 643 2810 catenam
651 2763 715 2808 Leid.
724 2787 753 2798 -
762 2762 815 2808 806.
825 2764 891 2810 Stetit
896 2763 985 2810 Zulich.
997 2765 1050 2810 Fuit
1056 2762 1093 2808 ed.
1103 2765 1162 2809 Dan.
1171 2766 1267 2812 lleimii.

228 2841 349 2883 exterritus
362 2837 431 2880 armis
442 2832 511 2882 Gotb.
525 2847 578 2881 tert.
591 2861 623 2870 -
634 2834 687 2897 807.
704 2843 824 2897 maestoque
835 2843 894 2880 ntetu
909 2835 974 2880 Rom.
989 2835 1057 2880 Forte
1071 2847 1147 2880 ortum
1162 2846 1232 2883 mesto
1242 2853 1269 2885 ex

228 2913 301 2955 mesto.
315 2911 427 2970 mittoque
441 2903 510 2951 Goth.
523 2923 558 2968 pr.
567 2907 658 2953 -sott
672 2906 982 2953 consummationem.
996 2917 1019 2952 et
1026 2906 1125 2953 Dorvill.
1135 2923 1189 2953 cum
1199 2908 1267 2954 Goth.

227 2995 264 3042 pr.
277 3003 308 3017 ·-
318 2979 370 3041 809.
380 2981 443 3041 prius
454 2991 521 3041 quem
531 2976 583 3022 Ald.
593 2994 629 3040 pr.
640 2993 694 3024 cum
703 2977 772 3024 Goth.
786 2993 821 3040 pr.
834 2977 900 3024 turba
910 2981 970 3024 torn
982 2987 1090 3042 sequestr
1100 2976 1190 3024 zulich.
1201 2981 1268 3027 Forte

264 3129 325 3181 799.
343 3111 453 3182 Egregie
477 3111 580 3162 animus
607 3108 725 3162 Camilla
769 3129 828 3162 rum
846 3127 973 3181 pavorem
993 3129 1026 3163 ex
1043 3112 1158 3162 Homero
1178 3110 1267 3176 duxit,

226 3191 419 3260 imperterritus
427 3188 597 3240 describitur:
607 3191 725 3260 inprimis
769 3189 887 3250 Iliada,
901 3191 966 3257 813,
978 3190 1039 3255 ubi,
1052 3188 1175 3241 Patroclo
1186 3207 1267 3255 caeso,
1337 3223 1338 3236 t

229 3265 1264 3340 vfflmmhwmmmfflmmmmffiwM

229 3356 289 3396 acta
301 3344 367 3394 bibit
376 3361 505 3408 cruorem,
515 3347 682 3398 Homericum
694 3362 727 3396 tr·
770 3350 832 3400 satis
841 3348 1136 3420 confiditflomparatio
1147 3341 1264 3401 autemv.

230 3418 336 3485 aesopius
366 3417 431 3488 χροδς
458 3415 516 3472 dees
538 3425 649 3494 exprimi
668 3428 724 3494 jam
769 3429 821 3496 809
832 3429 969 3499 subjecta,
987 3430 1036 3481 etsi
1052 3440 1077 3480 et
1094 3431 1153 3500 ipsa
1167 3429 1201 3480 ab
1214 3431 1266 3480 Ho-
1336 3429 1337 3442 ¹

229 3499 382 3553 Macrobius
392 3500 466 3562 Vl‚6
476 3504 594 3571 putavit:
606 3503 725 3572 quodta·
768 3525 841 3558 mero
854 3521 974 3560 mutuata
985 3507 1060 3560 Iliad.
1074 3529 1099 3569 ο,
1113 3507 1263 3578 stt-589,

229 3597 290 3632 men
306 3577 397 3647 paullo
413 3577 546 3632 diversum
562 3583 722 3634 est-803.
769 3597 822 3636 tam
830 3588 933 3658 egregie
942 3600 1045 3652 ornata,
1058 3600 1085 3638 et
1098 3587 1133 3638 ad
1144 3601 1265 3640 naturam
1335 3581 1336 3588 ἵ

229 3658 392 3726 argutantur
405 3657 491 3728 lntpp.
501 3681 509 3720 3
521 3659 586 3712 dum
597 3658 630 3739 de
640 3679 723 3712 mam-
767 3667 907 3718 animantis
918 3668 1029 3738 propius
1043 3665 1161 3740 adducta
1170 3665 1264 3738 (inpri-

229 3754 273 3786 me
295 3736 454 3788 Amazonum
474 3751 566 3790 exusta
585 3741 720 3810 cogitant:
753 3747 815 3798 ,mis
833 3765 884 3798 vss.
905 3749 966 3800 812.
984 3747 1053 3818 813)
1074 3760 1130 3810 est,
1149 3760 1181 3798 ut
1200 3750 1264 3799 inter

227 3827 269 3866 est
280 3831 393 3862 mammo
404 3827 522 3877 exserta,
538 3817 649 3870 humero
659 3820 723 3871 der·
766 3827 962 3892 prestantiores
974 3825 1140 3878 numeranda
1151 3827 1194 3877 sit.
1208 3826 1265 3879 Sta·

228 3906 270 3944 tro
282 3892 399 3956 nudato,
412 3905 441 3942 ut
450 3896 505 3960 jam
517 3915 598 3967 supra
608 3898 722 3952 vidimus
768 3904 798 3954 tii
810 3905 983 3958 imitationem
996 3903 1125 3960 indicavit
1134 3906 1222 3960 surm.
1233 3907 1266 3957 lV

229 3972 264 4025 ad
274 3991 299 4025 v.
311 3970 371 4041 649.
387 3997 421 4014 «ε
435 3971 495 4024 806.
511 3974 632 4028 Arruntis
649 3979 726 4030 mise-
769 3981 853 4034 Theb.
869 3983 920 4036 363
933 4001 1009 4056 sqq.,
1026 3983 1073 4036 sed
1090 4003 1123 4038 ee
1139 3985 1219 4058 friget
1234 3984 1266 4039 ad
1332 3997 1333 4004 ¹
