<?xml version="1.0" encoding="UTF-8"?>
<!DOCTYPE html PUBLIC "-//W3C//DTD XHTML 1.0 Transitional//EN"
    "http://www.w3.org/TR/xhtml1/DTD/xhtml1-transitional.dtd">
<html xmlns="http://www.w3.org/1999/xhtml" xml:lang="en" lang="en">
 <head>
  <title>
</title>
<meta http-equiv="Content-Type" content="text/html;charset=utf-8" />
  <meta name='ocr-system' content='tesseract 3.04.00' />
  <meta name='ocr-capabilities' content='ocr_page ocr_carea ocr_par ocr_line ocrx_word'/>
</head>
<body>
  <div class='ocr_page' id='page_1' title='image "./pvirgiliusmaroq03barbgoog_0417.png"; bbox 0 0 2690 4596; ppageno 0'>
   <div class='ocr_carea' id='block_1_1' title="bbox 89 257 1135 304">
    <p class='ocr_par' dir='ltr' id='par_1_1' title="bbox 89 257 1135 304">
     <span class='ocr_line' id='line_1_1' title="bbox 89 257 1135 304; baseline 0.003 -3"><span class='ocrx_word' id='word_1_1' title='bbox 89 257 1135 304; x_wconf 55' lang='lat' dir='ltr'><strong>mmmmm-mmmmm</strong></span> 
     </span>
    </p>
   </div>
   <div class='ocr_carea' id='block_1_2' title="bbox 389 423 837 628">
    <p class='ocr_par' dir='ltr' id='par_1_2' title="bbox 389 423 837 628">
     <span class='ocr_line' id='line_1_2' title="bbox 389 423 837 628; baseline 0.004 -2"><span class='ocrx_word' id='word_1_2' title='bbox 389 423 837 628; x_wconf 74' lang='lat' dir='ltr'><strong>niauoous</strong></span> 
     </span>
    </p>
   </div>
   <div class='ocr_carea' id='block_1_3' title="bbox 120 807 1106 892">
    <p class='ocr_par' dir='ltr' id='par_1_3' title="bbox 120 743 1106 892">
     <span class='ocr_line' id='line_1_3' title="bbox 120 807 1106 892; baseline 0.01 -10"><span class='ocrx_word' id='word_1_3' title='bbox 120 807 303 887; x_wconf 83' lang='lat' dir='ltr'>INTER</span> <span class='ocrx_word' id='word_1_4' title='bbox 340 809 676 888; x_wconf 80' lang='lat' dir='ltr'><strong>ITALIANUM</strong></span> <span class='ocrx_word' id='word_1_5' title='bbox 709 811 1106 892; x_wconf 89' lang='lat' dir='ltr'>PHILOLOGUM</span> 
     </span>
    </p>
   </div>
   <div class='ocr_carea' id='block_1_4' title="bbox 344 1061 874 1198">
    <p class='ocr_par' dir='ltr' id='par_1_4' title="bbox 344 1061 874 1198">
     <span class='ocr_line' id='line_1_4' title="bbox 344 1061 874 1198; baseline 0 -4"><span class='ocrx_word' id='word_1_6' title='bbox 344 1093 434 1194; x_wconf 80' lang='lat' dir='ltr'><strong>Er</strong></span> <span class='ocrx_word' id='word_1_7' title='bbox 467 1061 874 1198; x_wconf 75' lang='lat' dir='ltr'><strong>animaru.</strong></span> 
     </span>
    </p>
   </div>
   <div class='ocr_carea' id='block_1_5' title="bbox 343 1627 873 1686">
    <p class='ocr_par' dir='ltr' id='par_1_5' title="bbox 343 1627 873 1686">
     <span class='ocr_line' id='line_1_5' title="bbox 343 1627 873 1686; baseline 0.006 -7"><span class='ocrx_word' id='word_1_8' title='bbox 343 1627 569 1684; x_wconf 69' lang='lat' dir='ltr'><strong>tutunus</strong></span> <span class='ocrx_word' id='word_1_9' title='bbox 594 1629 873 1686; x_wconf 76' lang='lat' dir='ltr'><strong>PHILOLOGUS.</strong></span> 
     </span>
    </p>
   </div>
   <div class='ocr_carea' id='block_1_6' title="bbox 74 1736 1134 3362">
    <p class='ocr_par' dir='ltr' id='par_1_6' title="bbox 74 1736 1134 3362">
     <span class='ocr_line' id='line_1_6' title="bbox 83 1736 1134 1867; baseline 0.001 -24"><span class='ocrx_word' id='word_1_10' title='bbox 83 1736 202 1843; x_wconf 76' lang='lat' dir='ltr'><strong>SAEPE</strong></span> <span class='ocrx_word' id='word_1_11' title='bbox 217 1783 363 1867; x_wconf 76' lang='lat' dir='ltr'><strong>rogatus</strong></span> <span class='ocrx_word' id='word_1_12' title='bbox 375 1768 502 1841; x_wconf 80' lang='lat' dir='ltr'><strong>absens</strong></span> <span class='ocrx_word' id='word_1_13' title='bbox 514 1776 745 1861; x_wconf 88' lang='lat' dir='ltr'><strong>sententiam,</strong></span> <span class='ocrx_word' id='word_1_14' title='bbox 759 1772 888 1842; x_wconf 80' lang='lat' dir='ltr'><strong>Editor</strong></span> <span class='ocrx_word' id='word_1_15' title='bbox 899 1769 1075 1860; x_wconf 87' lang='lat' dir='ltr'><strong>studiose,</strong></span> <span class='ocrx_word' id='word_1_16' title='bbox 1087 1771 1134 1844; x_wconf 91' lang='lat' dir='ltr'><strong>de</strong></span> 
     </span>
     <span class='ocr_line' id='line_1_7' title="bbox 87 1880 1133 1986; baseline 0.006 -35"><span class='ocrx_word' id='word_1_17' title='bbox 87 1885 159 1952; x_wconf 90' lang='lat' dir='ltr'><strong>tuis</strong></span> <span class='ocrx_word' id='word_1_18' title='bbox 171 1880 358 1955; x_wconf 84' lang='lat' dir='ltr'>laboribus</span> <span class='ocrx_word' id='word_1_19' title='bbox 372 1900 406 1954; x_wconf 91' lang='lat' dir='ltr'><strong>et</strong></span> <span class='ocrx_word' id='word_1_20' title='bbox 417 1889 514 1955; x_wconf 90' lang='lat' dir='ltr'><strong>curis</strong></span> <span class='ocrx_word' id='word_1_21' title='bbox 527 1885 574 1956; x_wconf 94' lang='lat' dir='ltr'><strong>ad</strong></span> <span class='ocrx_word' id='word_1_22' title='bbox 589 1885 810 1986; x_wconf 77' lang='lat' dir='ltr'><strong>colligendas</strong></span> <span class='ocrx_word' id='word_1_23' title='bbox 824 1886 1028 1956; x_wconf 84' lang='lat' dir='ltr'><strong>Auctorum</strong></span> <span class='ocrx_word' id='word_1_24' title='bbox 1041 1888 1133 1958; x_wconf 85' lang='lat' dir='ltr'><strong>Lati·</strong></span> 
     </span>
     <span class='ocr_line' id='line_1_8' title="bbox 84 2002 1133 2098; baseline 0.006 -32"><span class='ocrx_word' id='word_1_25' title='bbox 84 2021 223 2069; x_wconf 87' lang='lat' dir='ltr'><strong>norum</strong></span> <span class='ocrx_word' id='word_1_26' title='bbox 251 2002 577 2095; x_wconf 74' lang='lat' dir='ltr'><strong>interpretationes,</strong></span> <span class='ocrx_word' id='word_1_27' title='bbox 602 2025 786 2098; x_wconf 86' lang='lat' dir='ltr'><strong>nusquam</strong></span> <span class='ocrx_word' id='word_1_28' title='bbox 809 2004 948 2098; x_wconf 89' lang='lat' dir='ltr'><strong>aperire</strong></span> <span class='ocrx_word' id='word_1_29' title='bbox 972 2014 1133 2072; x_wconf 88' lang='lat' dir='ltr'><strong>mentem</strong></span> 
     </span>
     <span class='ocr_line' id='line_1_9' title="bbox 85 2111 1132 2211; baseline 0.004 -30"><span class='ocrx_word' id='word_1_30' title='bbox 85 2135 207 2183; x_wconf 84' lang='lat' dir='ltr'><strong>meam</strong></span> <span class='ocrx_word' id='word_1_31' title='bbox 214 2138 280 2211; x_wconf 90' lang='lat' dir='ltr'><strong>per</strong></span> <span class='ocrx_word' id='word_1_32' title='bbox 288 2111 454 2211; x_wconf 79' lang='lat' dir='ltr'><strong>epistolas</strong></span> <span class='ocrx_word' id='word_1_33' title='bbox 467 2119 638 2186; x_wconf 83' lang='lat' dir='ltr'><strong>recusavi.</strong></span> <span class='ocrx_word' id='word_1_34' title='bbox 650 2117 789 2185; x_wconf 88' lang='lat' dir='ltr'><strong>Verum</strong></span> <span class='ocrx_word' id='word_1_35' title='bbox 799 2114 845 2198; x_wconf 88' lang='lat' dir='ltr'><strong>de</strong></span> <span class='ocrx_word' id='word_1_36' title='bbox 853 2112 991 2202; x_wconf 91' lang='lat' dir='ltr'><strong>multis,</strong></span> <span class='ocrx_word' id='word_1_37' title='bbox 1001 2129 1035 2184; x_wconf 88' lang='lat' dir='ltr'><strong>et</strong></span> <span class='ocrx_word' id='word_1_38' title='bbox 1044 2139 1132 2211; x_wconf 84' lang='lat' dir='ltr'><strong>prae-</strong></span> 
     </span>
     <span class='ocr_line' id='line_1_10' title="bbox 82 2226 1133 2327; baseline 0.003 -29"><span class='ocrx_word' id='word_1_39' title='bbox 82 2229 208 2298; x_wconf 89' lang='lat' dir='ltr'><strong>sertim</strong></span> <span class='ocrx_word' id='word_1_40' title='bbox 225 2226 271 2299; x_wconf 88' lang='lat' dir='ltr'><strong>de</strong></span> <span class='ocrx_word' id='word_1_41' title='bbox 288 2253 423 2327; x_wconf 77' lang='lat' dir='ltr'><strong>magno</strong></span> <span class='ocrx_word' id='word_1_42' title='bbox 443 2231 597 2300; x_wconf 85' lang='lat' dir='ltr'><strong>Marone</strong></span> <span class='ocrx_word' id='word_1_43' title='bbox 612 2248 738 2301; x_wconf 89' lang='lat' dir='ltr'><strong>nostro</strong></span> <span class='ocrx_word' id='word_1_44' title='bbox 755 2228 951 2318; x_wconf 87' lang='lat' dir='ltr'><strong>sollicitus,</strong></span> <span class='ocrx_word' id='word_1_45' title='bbox 972 2255 1015 2300; x_wconf 85' lang='lat' dir='ltr'><strong>ex</strong></span> <span class='ocrx_word' id='word_1_46' title='bbox 1029 2227 1133 2301; x_wconf 89' lang='lat' dir='ltr'><strong>Italia</strong></span> 
     </span>
     <span class='ocr_line' id='line_1_11' title="bbox 82 2341 1131 2444; baseline 0.004 -32"><span class='ocrx_word' id='word_1_47' title='bbox 82 2341 724 2444; x_wconf 85' lang='lat' dir='ltr'><strong>veniodeliberaturustecum,quem</strong></span> <span class='ocrx_word' id='word_1_48' title='bbox 732 2343 1131 2443; x_wconf 88' lang='lat' dir='ltr'><strong>AEneidifinem,quam</strong></span> 
     </span>
     <span class='ocr_line' id='line_1_12' title="bbox 82 2455 1132 2558; baseline 0.004 -30"><span class='ocrx_word' id='word_1_49' title='bbox 82 2455 299 2529; x_wconf 84' lang='lat' dir='ltr'><strong>coronidem</strong></span> <span class='ocrx_word' id='word_1_50' title='bbox 326 2463 516 2558; x_wconf 84' lang='lat' dir='ltr'><strong>imponere</strong></span> <span class='ocrx_word' id='word_1_51' title='bbox 538 2459 707 2532; x_wconf 90' lang='lat' dir='ltr'><strong>volueris.</strong></span> <span class='ocrx_word' id='word_1_52' title='bbox 726 2461 999 2532; x_wconf 88' lang='lat' dir='ltr'><strong>Germanorum</strong></span> <span class='ocrx_word' id='word_1_53' title='bbox 1018 2465 1132 2532; x_wconf 88' lang='lat' dir='ltr'><strong>inter-</strong></span> 
     </span>
     <span class='ocr_line' id='line_1_13' title="bbox 82 2573 1128 2672; baseline 0.006 -31"><span class='ocrx_word' id='word_1_54' title='bbox 82 2588 230 2668; x_wconf 87' lang='lat' dir='ltr'><strong>pretum</strong></span> <span class='ocrx_word' id='word_1_55' title='bbox 243 2573 369 2662; x_wconf 87' lang='lat' dir='ltr'><strong>decus,</strong></span> <span class='ocrx_word' id='word_1_56' title='bbox 369 2575 578 2672; x_wconf 83' lang='lat' dir='ltr'><strong>fidissimum</strong></span> <span class='ocrx_word' id='word_1_57' title='bbox 592 2591 672 2646; x_wconf 85' lang='lat' dir='ltr'><strong>ante</strong></span> <span class='ocrx_word' id='word_1_58' title='bbox 682 2589 824 2646; x_wconf 86' lang='lat' dir='ltr'><strong>coeteros</strong></span> <span class='ocrx_word' id='word_1_59' title='bbox 836 2590 870 2645; x_wconf 84' lang='lat' dir='ltr'><strong>et</strong></span> <span class='ocrx_word' id='word_1_60' title='bbox 885 2574 1128 2663; x_wconf 76' lang='lat' dir='ltr'><strong>doctissimum,</strong></span> 
     </span>
     <span class='ocr_line' id='line_1_14' title="bbox 81 2686 1130 2786; baseline 0.003 -30"><span class='ocrx_word' id='word_1_61' title='bbox 81 2701 126 2756; x_wconf 88' lang='lat' dir='ltr'><strong>ut</strong></span> <span class='ocrx_word' id='word_1_62' title='bbox 140 2689 178 2755; x_wconf 91' lang='lat' dir='ltr'><strong>in</strong></span> <span class='ocrx_word' id='word_1_63' title='bbox 192 2702 254 2758; x_wconf 88' lang='lat' dir='ltr'><strong>tua</strong></span> <span class='ocrx_word' id='word_1_64' title='bbox 266 2686 477 2784; x_wconf 84' lang='lat' dir='ltr'><strong>praefatione</strong></span> <span class='ocrx_word' id='word_1_65' title='bbox 484 2694 633 2776; x_wconf 90' lang='lat' dir='ltr'><strong>vocasti,</strong></span> <span class='ocrx_word' id='word_1_66' title='bbox 646 2688 778 2758; x_wconf 90' lang='lat' dir='ltr'><strong>ducem</strong></span> <span class='ocrx_word' id='word_1_67' title='bbox 789 2704 931 2758; x_wconf 90' lang='lat' dir='ltr'><strong>secutus</strong></span> <span class='ocrx_word' id='word_1_68' title='bbox 941 2691 1130 2786; x_wconf 84' lang='lat' dir='ltr'><strong>Heynium,</strong></span> 
     </span>
     <span class='ocr_line' id='line_1_15' title="bbox 79 2801 1131 2899; baseline -0.001 -26"><span class='ocrx_word' id='word_1_69' title='bbox 79 2817 193 2899; x_wconf 89' lang='lat' dir='ltr'><strong>atque</strong></span> <span class='ocrx_word' id='word_1_70' title='bbox 210 2801 309 2874; x_wconf 86' lang='lat' dir='ltr'><strong>illius</strong></span> <span class='ocrx_word' id='word_1_71' title='bbox 328 2806 476 2899; x_wconf 78' lang='lat' dir='ltr'><strong>vestigia</strong></span> <span class='ocrx_word' id='word_1_72' title='bbox 494 2801 714 2898; x_wconf 88' lang='lat' dir='ltr'><strong>pedetentim</strong></span> <span class='ocrx_word' id='word_1_73' title='bbox 729 2826 914 2898; x_wconf 87' lang='lat' dir='ltr'><strong>premens,</strong></span> <span class='ocrx_word' id='word_1_74' title='bbox 934 2818 1040 2899; x_wconf 88' lang='lat' dir='ltr'><strong>putas</strong></span> <span class='ocrx_word' id='word_1_75' title='bbox 1054 2801 1131 2873; x_wconf 83' lang='lat' dir='ltr'><strong>for-</strong></span> 
     </span>
     <span class='ocr_line' id='line_1_16' title="bbox 79 2914 1129 3013; baseline 0 -23"><span class='ocrx_word' id='word_1_76' title='bbox 79 2935 174 2990; x_wconf 85' lang='lat' dir='ltr'><strong>tasse</strong></span> <span class='ocrx_word' id='word_1_77' title='bbox 195 2915 284 2998; x_wconf 85' lang='lat' dir='ltr'><strong>huic</strong></span> <span class='ocrx_word' id='word_1_78' title='bbox 306 2919 463 3012; x_wconf 84' lang='lat' dir='ltr'><strong>poemati</strong></span> <span class='ocrx_word' id='word_1_79' title='bbox 485 2914 579 2985; x_wconf 90' lang='lat' dir='ltr'><strong>nihil</strong></span> <span class='ocrx_word' id='word_1_80' title='bbox 602 2931 683 3013; x_wconf 86' lang='lat' dir='ltr'><strong>post</strong></span> <span class='ocrx_word' id='word_1_81' title='bbox 704 2915 968 2987; x_wconf 91' lang='lat' dir='ltr'><strong>duodecimum</strong></span> <span class='ocrx_word' id='word_1_82' title='bbox 989 2914 1129 2990; x_wconf 89' lang='lat' dir='ltr'><strong>librum</strong></span> 
     </span>
     <span class='ocr_line' id='line_1_17' title="bbox 77 3029 1130 3128; baseline -0.001 -24"><span class='ocrx_word' id='word_1_83' title='bbox 77 3033 217 3121; x_wconf 82' lang='lat' dir='ltr'><strong>deesse3</strong></span> <span class='ocrx_word' id='word_1_84' title='bbox 235 3047 269 3103; x_wconf 91' lang='lat' dir='ltr'><strong>et</strong></span> <span class='ocrx_word' id='word_1_85' title='bbox 282 3048 476 3128; x_wconf 89' lang='lat' dir='ltr'><strong>postquam</strong></span> <span class='ocrx_word' id='word_1_86' title='bbox 489 3033 605 3101; x_wconf 89' lang='lat' dir='ltr'><strong>varias</strong></span> <span class='ocrx_word' id='word_1_87' title='bbox 622 3029 803 3101; x_wconf 85' lang='lat' dir='ltr'><strong>Codicum</strong></span> <span class='ocrx_word' id='word_1_88' title='bbox 821 3029 1006 3118; x_wconf 87' lang='lat' dir='ltr'><strong>lectiones,</strong></span> <span class='ocrx_word' id='word_1_89' title='bbox 1025 3048 1130 3103; x_wconf 90' lang='lat' dir='ltr'><strong>notas</strong></span> 
     </span>
     <span class='ocr_line' id='line_1_18' title="bbox 76 3142 1130 3245; baseline -0.004 -25"><span class='ocrx_word' id='word_1_90' title='bbox 76 3174 210 3220; x_wconf 89' lang='lat' dir='ltr'><strong>omnes</strong></span> <span class='ocrx_word' id='word_1_91' title='bbox 226 3164 261 3218; x_wconf 89' lang='lat' dir='ltr'><strong>et</strong></span> <span class='ocrx_word' id='word_1_92' title='bbox 274 3171 444 3218; x_wconf 85' lang='lat' dir='ltr'><strong>excursus</strong></span> <span class='ocrx_word' id='word_1_93' title='bbox 457 3143 621 3243; x_wconf 77' lang='lat' dir='ltr'><strong>diligenti</strong></span> <span class='ocrx_word' id='word_1_94' title='bbox 635 3143 834 3242; x_wconf 87' lang='lat' dir='ltr'><strong>sedulaque</strong></span> <span class='ocrx_word' id='word_1_95' title='bbox 847 3142 921 3215; x_wconf 88' lang='lat' dir='ltr'><strong>fide</strong></span> <span class='ocrx_word' id='word_1_96' title='bbox 934 3151 1130 3245; x_wconf 85' lang='lat' dir='ltr'><strong>transcrip-</strong></span> 
     </span>
     <span class='ocr_line' id='line_1_19' title="bbox 74 3256 1128 3362; baseline -0.003 -25"><span class='ocrx_word' id='word_1_97' title='bbox 74 3267 184 3352; x_wconf 86' lang='lat' dir='ltr'><strong>seris,</strong></span> <span class='ocrx_word' id='word_1_98' title='bbox 203 3263 281 3362; x_wconf 89' lang='lat' dir='ltr'><strong>jam</strong></span> <span class='ocrx_word' id='word_1_99' title='bbox 297 3265 400 3360; x_wconf 88' lang='lat' dir='ltr'><strong>quasi</strong></span> <span class='ocrx_word' id='word_1_100' title='bbox 416 3259 509 3332; x_wconf 90' lang='lat' dir='ltr'><strong>rude</strong></span> <span class='ocrx_word' id='word_1_101' title='bbox 525 3260 700 3350; x_wconf 86' lang='lat' dir='ltr'><strong>donatus,</strong></span> <span class='ocrx_word' id='word_1_102' title='bbox 718 3258 844 3345; x_wconf 82' lang='lat' dir='ltr'><strong>valete,</strong></span> <span class='ocrx_word' id='word_1_103' title='bbox 863 3275 898 3330; x_wconf 90' lang='lat' dir='ltr'><strong>et</strong></span> <span class='ocrx_word' id='word_1_104' title='bbox 911 3256 1005 3330; x_wconf 82' lang='lat' dir='ltr'><strong>forte</strong></span> <span class='ocrx_word' id='word_1_105' title='bbox 1020 3264 1128 3334; x_wconf 89' lang='lat' dir='ltr'><strong>etiam</strong></span> 
     </span>
    </p>
   </div>
   <div class='ocr_carea' id='block_1_7' title="bbox 73 3374 675 3478">
    <p class='ocr_par' dir='ltr' id='par_1_7' title="bbox 73 3374 675 3478">
     <span class='ocr_line' id='line_1_20' title="bbox 73 3374 675 3478; baseline -0.008 -28"><span class='ocrx_word' id='word_1_106' title='bbox 73 3377 253 3478; x_wconf 82' lang='lat' dir='ltr'><strong>plaudite,</strong></span> <span class='ocrx_word' id='word_1_107' title='bbox 267 3381 339 3451; x_wconf 86' lang='lat' dir='ltr'><strong>tuis</strong></span> <span class='ocrx_word' id='word_1_108' title='bbox 356 3376 452 3450; x_wconf 87' lang='lat' dir='ltr'><strong>dices</strong></span> <span class='ocrx_word' id='word_1_109' title='bbox 468 3374 675 3447; x_wconf 87' lang='lat' dir='ltr'><strong>lectoribus.</strong></span> 
     </span>
    </p>
   </div>
   <div class='ocr_carea' id='block_1_8' title="bbox 515 3563 686 3616">
    <p class='ocr_par' dir='ltr' id='par_1_8' title="bbox 515 3563 686 3616">
     <span class='ocr_line' id='line_1_21' title="bbox 515 3563 686 3616; baseline -0.018 0"><span class='ocrx_word' id='word_1_110' title='bbox 515 3563 686 3616; x_wconf 85' lang='lat' dir='ltr'><strong>EDITOR.</strong></span> 
     </span>
    </p>
   </div>
   <div class='ocr_carea' id='block_1_9' title="bbox 73 3699 1129 3912">
    <p class='ocr_par' dir='ltr' id='par_1_9' title="bbox 73 3699 1129 3912">
     <span class='ocr_line' id='line_1_22' title="bbox 128 3699 1129 3802; baseline -0.009 -25"><span class='ocrx_word' id='word_1_111' title='bbox 128 3705 285 3802; x_wconf 86' lang='lat' dir='ltr'><strong>Optatus</strong></span> <span class='ocrx_word' id='word_1_112' title='bbox 303 3701 396 3774; x_wconf 90' lang='lat' dir='ltr'><strong>mihi</strong></span> <span class='ocrx_word' id='word_1_113' title='bbox 415 3700 581 3790; x_wconf 89' lang='lat' dir='ltr'><strong>advenis,</strong></span> <span class='ocrx_word' id='word_1_114' title='bbox 607 3727 629 3773; x_wconf 94' lang='lat' dir='ltr'><strong>o</strong></span> <span class='ocrx_word' id='word_1_115' title='bbox 648 3715 776 3772; x_wconf 88' lang='lat' dir='ltr'><strong>nasute</strong></span> <span class='ocrx_word' id='word_1_116' title='bbox 793 3713 957 3769; x_wconf 88' lang='lat' dir='ltr'><strong>veterum</strong></span> <span class='ocrx_word' id='word_1_117' title='bbox 975 3699 1129 3768; x_wconf 83' lang='lat' dir='ltr'><strong>aestima-</strong></span> 
     </span>
     <span class='ocr_line' id='line_1_23' title="bbox 73 3809 1129 3912; baseline -0.008 -20"><span class='ocrx_word' id='word_1_118' title='bbox 73 3838 155 3910; x_wconf 87' lang='lat' dir='ltr'><strong>tor;</strong></span> <span class='ocrx_word' id='word_1_119' title='bbox 171 3845 194 3891; x_wconf 97' lang='lat' dir='ltr'><strong>o</strong></span> <span class='ocrx_word' id='word_1_120' title='bbox 206 3817 348 3890; x_wconf 88' lang='lat' dir='ltr'><strong>subtilis</strong></span> <span class='ocrx_word' id='word_1_121' title='bbox 361 3817 614 3889; x_wconf 89' lang='lat' dir='ltr'><strong>doctrinarum</strong></span> <span class='ocrx_word' id='word_1_122' title='bbox 625 3819 796 3888; x_wconf 92' lang='lat' dir='ltr'><strong>omnium</strong></span> <span class='ocrx_word' id='word_1_123' title='bbox 805 3813 935 3912; x_wconf 87' lang='lat' dir='ltr'><strong>judex,</strong></span> <span class='ocrx_word' id='word_1_124' title='bbox 950 3826 984 3882; x_wconf 93' lang='lat' dir='ltr'><strong>et</strong></span> <span class='ocrx_word' id='word_1_125' title='bbox 997 3809 1129 3884; x_wconf 84' lang='lat' dir='ltr'><strong>Italicae</strong></span> 
     </span>
    </p>
   </div>
   <div class='ocr_carea' id='block_1_10' title="bbox 73 3927 1131 4033">
    <p class='ocr_par' dir='ltr' id='par_1_10' title="bbox 73 3927 1131 4033">
     <span class='ocr_line' id='line_1_24' title="bbox 73 3927 1131 4033; baseline -0.011 -24"><span class='ocrx_word' id='word_1_126' title='bbox 73 3934 200 4009; x_wconf 89' lang='lat' dir='ltr'><strong>laudis</strong></span> <span class='ocrx_word' id='word_1_127' title='bbox 220 3931 414 4010; x_wconf 82' lang='lat' dir='ltr'><strong>fortissime</strong></span> <span class='ocrx_word' id='word_1_128' title='bbox 433 3929 700 4033; x_wconf 76' lang='lat' dir='ltr'><strong>propugnator!</strong></span> <span class='ocrx_word' id='word_1_129' title='bbox 723 3927 916 4030; x_wconf 88' lang='lat' dir='ltr'><strong>Numquid</strong></span> <span class='ocrx_word' id='word_1_130' title='bbox 933 3945 1076 4000; x_wconf 85' lang='lat' dir='ltr'><strong>censeas</strong></span> <span class='ocrx_word' id='word_1_131' title='bbox 1094 3941 1131 3998; x_wconf 88' lang='lat' dir='ltr'><strong>et</strong></span> 
     </span>
    </p>
   </div>
   <div class='ocr_carea' id='block_1_11' title="bbox 0 0 1350 4596">
    <p class='ocr_par' dir='ltr' id='par_1_11' title="bbox 0 0 1350 4596">
     <span class='ocr_line' id='line_1_25' title="bbox 0 0 1350 4596; baseline 0 6"><span class='ocrx_word' id='word_1_132' title='bbox 0 0 1350 4596; x_wconf 95' lang='lat' dir='ltr'><strong> </strong></span> 
     </span>
    </p>
   </div>
  </div>
 </body>
</html>
