<?xml version="1.0" encoding="UTF-8"?>
<!DOCTYPE html PUBLIC "-//W3C//DTD XHTML 1.0 Transitional//EN"
    "http://www.w3.org/TR/xhtml1/DTD/xhtml1-transitional.dtd">
<html xmlns="http://www.w3.org/1999/xhtml" xml:lang="en" lang="en">
 <head>
  <title>
</title>
<meta http-equiv="Content-Type" content="text/html;charset=utf-8" />
  <meta name='ocr-system' content='tesseract 3.04.00' />
  <meta name='ocr-capabilities' content='ocr_page ocr_carea ocr_par ocr_line ocrx_word'/>
</head>
<body>
  <div class='ocr_page' id='page_1' title='image "./pvirgiliusmaroq03barbgoog_0212.png"; bbox 0 0 2736 4598; ppageno 0'>
   <div class='ocr_carea' id='block_1_1' title="bbox 223 287 1019 362">
    <p class='ocr_par' dir='ltr' id='par_1_1' title="bbox 223 287 1019 362">
     <span class='ocr_line' id='line_1_1' title="bbox 223 287 1019 362; baseline -0.005 0"><span class='ocrx_word' id='word_1_1' title='bbox 223 308 284 362; x_wconf 69' lang='lat' dir='ltr'>noo</span> <span class='ocrx_word' id='word_1_2' title='bbox 472 293 507 354; x_wconf 85' lang='lat' dir='ltr'>P.</span> <span class='ocrx_word' id='word_1_3' title='bbox 529 287 763 355; x_wconf 79' lang='lat' dir='ltr'>VIRGILH</span> <span class='ocrx_word' id='word_1_4' title='bbox 786 291 1019 358; x_wconf 83' lang='lat' dir='ltr'>MARONIS</span> 
     </span>
    </p>
   </div>
   <div class='ocr_carea' id='block_1_2' title="bbox 219 413 1356 1380">
    <p class='ocr_par' dir='ltr' id='par_1_2' title="bbox 219 413 1356 1294">
     <span class='ocr_line' id='line_1_2' title="bbox 221 413 1270 497; baseline -0.002 -17"><span class='ocrx_word' id='word_1_5' title='bbox 221 435 292 480; x_wconf 84' lang='lat' dir='ltr'>rum</span> <span class='ocrx_word' id='word_1_6' title='bbox 306 417 371 497; x_wconf 84' lang='lat' dir='ltr'>ejus</span> <span class='ocrx_word' id='word_1_7' title='bbox 387 413 623 497; x_wconf 86' lang='lat' dir='ltr'>pulchritudine</span> <span class='ocrx_word' id='word_1_8' title='bbox 635 428 740 496; x_wconf 85' lang='lat' dir='ltr'>capta,</span> <span class='ocrx_word' id='word_1_9' title='bbox 755 415 912 475; x_wconf 79' lang='lat' dir='ltr'>incautius</span> <span class='ocrx_word' id='word_1_10' title='bbox 925 415 1081 497; x_wconf 84' lang='lat' dir='ltr'>sequitur,</span> <span class='ocrx_word' id='word_1_11' title='bbox 1095 435 1132 476; x_wconf 82' lang='lat' dir='ltr'>ex</span> <span class='ocrx_word' id='word_1_12' title='bbox 1147 416 1270 478; x_wconf 81' lang='lat' dir='ltr'>insidiis</span> 
     </span>
     <span class='ocr_line' id='line_1_3' title="bbox 222 501 1270 586; baseline -0.004 -19"><span class='ocrx_word' id='word_1_13' title='bbox 222 507 262 568; x_wconf 86' lang='lat' dir='ltr'>ub</span> <span class='ocrx_word' id='word_1_14' title='bbox 277 509 393 566; x_wconf 84' lang='lat' dir='ltr'>Arunte</span> <span class='ocrx_word' id='word_1_15' title='bbox 408 505 497 564; x_wconf 85' lang='lat' dir='ltr'>basta</span> <span class='ocrx_word' id='word_1_16' title='bbox 513 501 786 586; x_wconf 84' lang='lat' dir='ltr'>trajicitur—835.</span> <span class='ocrx_word' id='word_1_17' title='bbox 801 503 902 578; x_wconf 88' lang='lat' dir='ltr'>Quam</span> <span class='ocrx_word' id='word_1_18' title='bbox 917 516 1021 564; x_wconf 90' lang='lat' dir='ltr'>tamen</span> <span class='ocrx_word' id='word_1_19' title='bbox 1033 523 1125 565; x_wconf 83' lang='lat' dir='ltr'>sacrae</span> <span class='ocrx_word' id='word_1_20' title='bbox 1137 508 1270 586; x_wconf 81' lang='lat' dir='ltr'>virginis</span> 
     </span>
     <span class='ocr_line' id='line_1_4' title="bbox 223 589 1356 675; baseline -0.003 -20"><span class='ocrx_word' id='word_1_21' title='bbox 223 593 337 655; x_wconf 80' lang='lat' dir='ltr'>eaedem</span> <span class='ocrx_word' id='word_1_22' title='bbox 352 594 453 652; x_wconf 84' lang='lat' dir='ltr'>Aruns</span> <span class='ocrx_word' id='word_1_23' title='bbox 465 612 530 650; x_wconf 89' lang='lat' dir='ltr'>non</span> <span class='ocrx_word' id='word_1_24' title='bbox 543 589 597 650; x_wconf 92' lang='lat' dir='ltr'>diu</span> <span class='ocrx_word' id='word_1_25' title='bbox 612 589 685 651; x_wconf 90' lang='lat' dir='ltr'>tulit</span> <span class='ocrx_word' id='word_1_26' title='bbox 696 589 848 652; x_wconf 85' lang='lat' dir='ltr'>inultam:</span> <span class='ocrx_word' id='word_1_27' title='bbox 865 613 939 650; x_wconf 92' lang='lat' dir='ltr'>nam</span> <span class='ocrx_word' id='word_1_28' title='bbox 952 593 1059 673; x_wconf 86' lang='lat' dir='ltr'>etipse</span> <span class='ocrx_word' id='word_1_29' title='bbox 1072 591 1182 674; x_wconf 88' lang='lat' dir='ltr'>paullo</span> <span class='ocrx_word' id='word_1_30' title='bbox 1195 609 1269 675; x_wconf 90' lang='lat' dir='ltr'>post</span> <span class='ocrx_word' id='word_1_31' title='bbox 1355 591 1356 614; x_wconf 64' lang='lat'>³</span> 
     </span>
     <span class='ocr_line' id='line_1_5' title="bbox 223 678 1268 763; baseline -0.004 -21"><span class='ocrx_word' id='word_1_32' title='bbox 223 682 261 742; x_wconf 83' lang='lat' dir='ltr'>eb</span> <span class='ocrx_word' id='word_1_33' title='bbox 283 682 361 763; x_wconf 92' lang='lat' dir='ltr'>Opi,</span> <span class='ocrx_word' id='word_1_34' title='bbox 378 681 487 740; x_wconf 69' lang='lat' dir='ltr'>Dianae</span> <span class='ocrx_word' id='word_1_35' title='bbox 502 679 663 753; x_wconf 84' lang='lat' dir='ltr'>ministra,</span> <span class='ocrx_word' id='word_1_36' title='bbox 683 681 794 759; x_wconf 78' lang='lat' dir='ltr'>sagitta</span> <span class='ocrx_word' id='word_1_37' title='bbox 812 678 975 760; x_wconf 81' lang='lat' dir='ltr'>trajectus,</span> <span class='ocrx_word' id='word_1_38' title='bbox 994 678 1108 739; x_wconf 87' lang='lat' dir='ltr'>offensi</span> <span class='ocrx_word' id='word_1_39' title='bbox 1126 683 1268 740; x_wconf 90' lang='lat' dir='ltr'>numinis</span> 
     </span>
     <span class='ocr_line' id='line_1_6' title="bbox 222 767 1269 854; baseline -0.001 -24"><span class='ocrx_word' id='word_1_40' title='bbox 222 790 330 854; x_wconf 89' lang='lat' dir='ltr'>poenas</span> <span class='ocrx_word' id='word_1_41' title='bbox 346 767 497 851; x_wconf 86' lang='lat' dir='ltr'>persolvit</span> <span class='ocrx_word' id='word_1_42' title='bbox 510 801 544 815; x_wconf 91' lang='lat'>··-</span> <span class='ocrx_word' id='word_1_43' title='bbox 560 769 627 850; x_wconf 85' lang='lat'><strong>867.</strong></span> <span class='ocrx_word' id='word_1_44' title='bbox 649 767 788 829; x_wconf 70' lang='lat' dir='ltr'>Camillae</span> <span class='ocrx_word' id='word_1_45' title='bbox 803 790 877 829; x_wconf 88' lang='lat' dir='ltr'>nece</span> <span class='ocrx_word' id='word_1_46' title='bbox 892 772 1081 830; x_wconf 88' lang='lat' dir='ltr'>consternati</span> <span class='ocrx_word' id='word_1_47' title='bbox 1097 769 1207 830; x_wconf 86' lang='lat' dir='ltr'>Rutuli</span> <span class='ocrx_word' id='word_1_48' title='bbox 1222 770 1269 829; x_wconf 87' lang='lat' dir='ltr'>fu-</span> 
     </span>
     <span class='ocr_line' id='line_1_7' title="bbox 223 856 1268 940; baseline -0.003 -22"><span class='ocrx_word' id='word_1_49' title='bbox 223 880 296 940; x_wconf 79' lang='lat' dir='ltr'>gam</span> <span class='ocrx_word' id='word_1_50' title='bbox 310 860 482 940; x_wconf 89' lang='lat' dir='ltr'>arripiunt:</span> <span class='ocrx_word' id='word_1_51' title='bbox 496 856 624 935; x_wconf 86' lang='lat' dir='ltr'>Trojani</span> <span class='ocrx_word' id='word_1_52' title='bbox 640 856 725 916; x_wconf 87' lang='lat' dir='ltr'>urbis</span> <span class='ocrx_word' id='word_1_53' title='bbox 739 860 1010 938; x_wconf 82' lang='lat' dir='ltr'>oppugnationem</span> <span class='ocrx_word' id='word_1_54' title='bbox 1024 873 1139 938; x_wconf 86' lang='lat' dir='ltr'>parant</span> <span class='ocrx_word' id='word_1_55' title='bbox 1149 893 1189 902; x_wconf 87' lang='lat'>-</span> <span class='ocrx_word' id='word_1_56' title='bbox 1199 857 1268 937; x_wconf 84' lang='lat'><strong>895.</strong></span> 
     </span>
     <span class='ocr_line' id='line_1_8' title="bbox 220 943 1356 1028; baseline -0.004 -21"><span class='ocrx_word' id='word_1_57' title='bbox 220 945 296 1028; x_wconf 89' lang='lat' dir='ltr'>Ejus</span> <span class='ocrx_word' id='word_1_58' title='bbox 306 946 491 1007; x_wconf 83' lang='lat' dir='ltr'>calamitatis</span> <span class='ocrx_word' id='word_1_59' title='bbox 502 947 613 1004; x_wconf 87' lang='lat' dir='ltr'>nuntio</span> <span class='ocrx_word' id='word_1_60' title='bbox 625 943 664 1004; x_wconf 88' lang='lat' dir='ltr'>ab</span> <span class='ocrx_word' id='word_1_61' title='bbox 675 945 766 1019; x_wconf 85' lang='lat' dir='ltr'>Acca,</span> <span class='ocrx_word' id='word_1_62' title='bbox 779 943 919 1005; x_wconf 70' lang='lat' dir='ltr'>Camillae</span> <span class='ocrx_word' id='word_1_63' title='bbox 930 947 1059 1021; x_wconf 86' lang='lat' dir='ltr'>comite,</span> <span class='ocrx_word' id='word_1_64' title='bbox 1073 943 1112 1003; x_wconf 88' lang='lat' dir='ltr'>ad</span> <span class='ocrx_word' id='word_1_65' title='bbox 1124 947 1267 1004; x_wconf 88' lang='lat' dir='ltr'>Turnum</span> <span class='ocrx_word' id='word_1_66' title='bbox 1355 959 1356 964; x_wconf 74' lang='grc'>’</span> 
     </span>
     <span class='ocr_line' id='line_1_9' title="bbox 221 1031 1269 1117; baseline -0.004 -22"><span class='ocrx_word' id='word_1_67' title='bbox 221 1035 359 1117; x_wconf 89' lang='lat' dir='ltr'>perlato,</span> <span class='ocrx_word' id='word_1_68' title='bbox 371 1033 485 1094; x_wconf 89' lang='lat' dir='ltr'>relictis</span> <span class='ocrx_word' id='word_1_69' title='bbox 500 1054 576 1114; x_wconf 88' lang='lat' dir='ltr'>quas</span> <span class='ocrx_word' id='word_1_70' title='bbox 590 1031 757 1092; x_wconf 82' lang='lat' dir='ltr'>obsederat</span> <span class='ocrx_word' id='word_1_71' title='bbox 771 1035 937 1114; x_wconf 79' lang='lat' dir='ltr'>angustiis,</span> <span class='ocrx_word' id='word_1_72' title='bbox 954 1035 1016 1092; x_wconf 89' lang='lat' dir='ltr'>suis</span> <span class='ocrx_word' id='word_1_73' title='bbox 1032 1031 1151 1092; x_wconf 78' lang='lat' dir='ltr'>auxilio</span> <span class='ocrx_word' id='word_1_74' title='bbox 1166 1055 1269 1093; x_wconf 86' lang='lat' dir='ltr'>accur-</span> 
     </span>
     <span class='ocr_line' id='line_1_10' title="bbox 221 1113 1356 1202; baseline -0.007 -19"><span class='ocrx_word' id='word_1_75' title='bbox 221 1125 272 1184; x_wconf 90' lang='lat' dir='ltr'>rit.</span> <span class='ocrx_word' id='word_1_76' title='bbox 294 1122 412 1182; x_wconf 86' lang='lat' dir='ltr'>Eodem</span> <span class='ocrx_word' id='word_1_77' title='bbox 431 1119 634 1202; x_wconf 84' lang='lat' dir='ltr'>subsequitur</span> <span class='ocrx_word' id='word_1_78' title='bbox 652 1135 683 1180; x_wconf 90' lang='lat' dir='ltr'>et</span> <span class='ocrx_word' id='word_1_79' title='bbox 700 1122 824 1194; x_wconf 80' lang='lat' dir='ltr'>AEneas3</span> <span class='ocrx_word' id='word_1_80' title='bbox 845 1134 891 1195; x_wconf 88' lang='lat' dir='ltr'>et,</span> <span class='ocrx_word' id='word_1_81' title='bbox 912 1113 1063 1202; x_wconf 89' lang='lat' dir='ltr'>quoniam</span> <span class='ocrx_word' id='word_1_82' title='bbox 1082 1121 1269 1179; x_wconf 85' lang='lat' dir='ltr'>imminente</span> <span class='ocrx_word' id='word_1_83' title='bbox 1355 1121 1356 1174; x_wconf 59' lang='lat' dir='ltr'>i</span> 
     </span>
     <span class='ocr_line' id='line_1_11' title="bbox 219 1211 1269 1294; baseline -0.004 -22"><span class='ocrx_word' id='word_1_84' title='bbox 219 1213 285 1294; x_wconf 84' lang='lat' dir='ltr'>jam</span> <span class='ocrx_word' id='word_1_85' title='bbox 296 1226 386 1274; x_wconf 88' lang='lat' dir='ltr'>noete</span> <span class='ocrx_word' id='word_1_86' title='bbox 396 1211 540 1293; x_wconf 86' lang='lat' dir='ltr'>praelium</span> <span class='ocrx_word' id='word_1_87' title='bbox 550 1211 705 1270; x_wconf 89' lang='lat' dir='ltr'>committi</span> <span class='ocrx_word' id='word_1_88' title='bbox 717 1232 781 1271; x_wconf 92' lang='lat' dir='ltr'>non</span> <span class='ocrx_word' id='word_1_89' title='bbox 790 1224 930 1291; x_wconf 83' lang='lat' dir='ltr'>poteret,</span> <span class='ocrx_word' id='word_1_90' title='bbox 941 1213 1066 1292; x_wconf 89' lang='lat' dir='ltr'>utrique</span> <span class='ocrx_word' id='word_1_91' title='bbox 1076 1211 1188 1292; x_wconf 86' lang='lat' dir='ltr'>positis</span> <span class='ocrx_word' id='word_1_92' title='bbox 1197 1221 1269 1269; x_wconf 85' lang='lat' dir='ltr'>ante</span> 
     </span>
    </p>

    <p class='ocr_par' dir='ltr' id='par_1_3' title="bbox 222 1297 1356 1380">
     <span class='ocr_line' id='line_1_12' title="bbox 222 1297 1356 1380; baseline -0.006 -19"><span class='ocrx_word' id='word_1_93' title='bbox 222 1300 335 1362; x_wconf 87' lang='lat' dir='ltr'>urbem</span> <span class='ocrx_word' id='word_1_94' title='bbox 350 1301 459 1362; x_wconf 90' lang='lat' dir='ltr'>castris</span> <span class='ocrx_word' id='word_1_95' title='bbox 472 1298 736 1359; x_wconf 58' lang='lat' dir='ltr'>considunt—*ad</span> <span class='ocrx_word' id='word_1_96' title='bbox 737 1300 842 1380; x_wconf 82' lang='lat' dir='ltr'>finem.</span> <span class='ocrx_word' id='word_1_97' title='bbox 1355 1297 1356 1304; x_wconf 74' lang='grc'>’</span> 
     </span>
    </p>
   </div>
   <div class='ocr_carea' id='block_1_3' title="bbox 276 1492 1356 1567">
    <p class='ocr_par' dir='ltr' id='par_1_4' title="bbox 276 1492 1356 1567">
     <span class='ocr_line' id='line_1_13' title="bbox 276 1492 1356 1567; baseline -0.006 -19"><span class='ocrx_word' id='word_1_98' title='bbox 276 1499 379 1548; x_wconf 86' lang='lat' dir='ltr'>Ductus</span> <span class='ocrx_word' id='word_1_99' title='bbox 408 1496 534 1548; x_wconf 87' lang='lat' dir='ltr'>adversus</span> <span class='ocrx_word' id='word_1_100' title='bbox 568 1496 723 1547; x_wconf 86' lang='lat' dir='ltr'>Latinorum</span> <span class='ocrx_word' id='word_1_101' title='bbox 768 1492 1266 1567; x_wconf 82' lang='lat' dir='ltr'>episodiornmcopia,ornavitpoeta:</span> <span class='ocrx_word' id='word_1_102' title='bbox 1355 1501 1356 1520; x_wconf 79' lang='lat'><em>³</em></span> 
     </span>
    </p>
   </div>
   <div class='ocr_carea' id='block_1_4' title="bbox 223 1572 1356 1726">
    <p class='ocr_par' dir='ltr' id='par_1_5' title="bbox 223 1572 1356 1726">
     <span class='ocr_line' id='line_1_14' title="bbox 224 1572 1356 1642; baseline -0.007 -14"><span class='ocrx_word' id='word_1_103' title='bbox 224 1577 722 1640; x_wconf 81' lang='lat' dir='ltr'>urbemLaurenturnAEneaeexercitus,</span> <span class='ocrx_word' id='word_1_104' title='bbox 767 1577 861 1627; x_wconf 81' lang='lat' dir='ltr'>funere</span> <span class='ocrx_word' id='word_1_105' title='bbox 878 1573 1018 1642; x_wconf 85' lang='lat' dir='ltr'>Pallantis,</span> <span class='ocrx_word' id='word_1_106' title='bbox 1036 1572 1174 1642; x_wconf 88' lang='lat' dir='ltr'>sepultura</span> <span class='ocrx_word' id='word_1_107' title='bbox 1186 1589 1269 1622; x_wconf 77' lang='lat' dir='ltr'>ceso·</span> <span class='ocrx_word' id='word_1_108' title='bbox 1355 1629 1356 1632; x_wconf 8' lang='grc' dir='ltr'><strong>Ἴ</strong></span> 
     </span>
     <span class='ocr_line' id='line_1_15' title="bbox 223 1645 1356 1726; baseline -0.005 -20"><span class='ocrx_word' id='word_1_109' title='bbox 223 1657 373 1720; x_wconf 88' lang='lat' dir='ltr'>merito,ut</span> <span class='ocrx_word' id='word_1_110' title='bbox 380 1667 483 1726; x_wconf 85' lang='lat' dir='ltr'>partem</span> <span class='ocrx_word' id='word_1_111' title='bbox 494 1655 641 1726; x_wconf 74' lang='lat' dir='ltr'>argumenti</span> <span class='ocrx_word' id='word_1_112' title='bbox 649 1666 675 1706; x_wconf 91' lang='lat' dir='ltr'>et</span> <span class='ocrx_word' id='word_1_113' title='bbox 684 1673 724 1707; x_wconf 88' lang='lat' dir='ltr'>re·</span> <span class='ocrx_word' id='word_1_114' title='bbox 768 1673 841 1719; x_wconf 90' lang='lat' dir='ltr'>rum,</span> <span class='ocrx_word' id='word_1_115' title='bbox 858 1653 945 1706; x_wconf 87' lang='lat' dir='ltr'>reditu</span> <span class='ocrx_word' id='word_1_116' title='bbox 962 1652 1110 1724; x_wconf 77' lang='lat' dir='ltr'>legatorum</span> <span class='ocrx_word' id='word_1_117' title='bbox 1128 1653 1216 1703; x_wconf 87' lang='lat' dir='ltr'>Latini</span> <span class='ocrx_word' id='word_1_118' title='bbox 1232 1650 1268 1702; x_wconf 86' lang='lat' dir='ltr'>ad</span> <span class='ocrx_word' id='word_1_119' title='bbox 1355 1645 1356 1692; x_wconf 72' lang='lat' dir='ltr'>l</span> 
     </span>
    </p>
   </div>
   <div class='ocr_carea' id='block_1_5' title="bbox 224 1731 1269 2047">
    <p class='ocr_par' dir='ltr' id='par_1_6' title="bbox 224 1731 1269 2047">
     <span class='ocr_line' id='line_1_16' title="bbox 224 1731 1268 1801; baseline -0.004 -17"><span class='ocrx_word' id='word_1_120' title='bbox 224 1753 284 1785; x_wconf 87' lang='lat' dir='ltr'>rum</span> <span class='ocrx_word' id='word_1_121' title='bbox 294 1745 474 1798; x_wconf 82' lang='lat' dir='ltr'>narratarum,</span> <span class='ocrx_word' id='word_1_122' title='bbox 483 1736 520 1784; x_wconf 85' lang='lat' dir='ltr'>ita</span> <span class='ocrx_word' id='word_1_123' title='bbox 530 1733 627 1784; x_wconf 84' lang='lat' dir='ltr'>librum</span> <span class='ocrx_word' id='word_1_124' title='bbox 636 1733 724 1785; x_wconf 83' lang='lat' dir='ltr'>AEnei·</span> <span class='ocrx_word' id='word_1_125' title='bbox 767 1733 937 1798; x_wconf 87' lang='lat' dir='ltr'>Diomedem,</span> <span class='ocrx_word' id='word_1_126' title='bbox 948 1731 1143 1783; x_wconf 87' lang='lat' dir='ltr'>consultatione</span> <span class='ocrx_word' id='word_1_127' title='bbox 1151 1731 1185 1782; x_wconf 92' lang='lat' dir='ltr'>de</span> <span class='ocrx_word' id='word_1_128' title='bbox 1195 1731 1268 1801; x_wconf 77' lang='lat' dir='ltr'>lega·</span> 
     </span>
     <span class='ocr_line' id='line_1_17' title="bbox 225 1810 1269 1883; baseline -0.004 -19"><span class='ocrx_word' id='word_1_129' title='bbox 225 1812 266 1864; x_wconf 90' lang='lat' dir='ltr'>dis</span> <span class='ocrx_word' id='word_1_130' title='bbox 283 1815 428 1865; x_wconf 86' lang='lat' dir='ltr'>constitnit.</span> <span class='ocrx_word' id='word_1_131' title='bbox 448 1815 519 1878; x_wconf 85' lang='lat' dir='ltr'>Hoc,</span> <span class='ocrx_word' id='word_1_132' title='bbox 540 1811 613 1882; x_wconf 89' lang='lat' dir='ltr'>quod</span> <span class='ocrx_word' id='word_1_133' title='bbox 629 1831 679 1882; x_wconf 90' lang='lat' dir='ltr'>per</span> <span class='ocrx_word' id='word_1_134' title='bbox 695 1831 723 1864; x_wconf 88' lang='lat' dir='ltr'>se</span> <span class='ocrx_word' id='word_1_135' title='bbox 768 1815 802 1864; x_wconf 89' lang='lat' dir='ltr'>tis</span> <span class='ocrx_word' id='word_1_136' title='bbox 812 1831 873 1865; x_wconf 87' lang='lat' dir='ltr'>cum</span> <span class='ocrx_word' id='word_1_137' title='bbox 884 1813 958 1883; x_wconf 82' lang='lat' dir='ltr'>pacis</span> <span class='ocrx_word' id='word_1_138' title='bbox 971 1811 1169 1863; x_wconf 88' lang='lat' dir='ltr'>conditionibus</span> <span class='ocrx_word' id='word_1_139' title='bbox 1181 1810 1216 1862; x_wconf 85' lang='lat' dir='ltr'>ad</span> <span class='ocrx_word' id='word_1_140' title='bbox 1225 1811 1269 1860; x_wconf 82' lang='lat' dir='ltr'>AE-</span> 
     </span>
     <span class='ocr_line' id='line_1_18' title="bbox 224 1891 1269 1964; baseline -0.007 -18"><span class='ocrx_word' id='word_1_141' title='bbox 224 1913 319 1964; x_wconf 89' lang='lat' dir='ltr'>parum</span> <span class='ocrx_word' id='word_1_142' title='bbox 331 1893 477 1946; x_wconf 84' lang='lat' dir='ltr'>fecundum</span> <span class='ocrx_word' id='word_1_143' title='bbox 489 1905 546 1946; x_wconf 84' lang='lat' dir='ltr'>erat</span> <span class='ocrx_word' id='word_1_144' title='bbox 556 1904 582 1944; x_wconf 92' lang='lat' dir='ltr'>et</span> <span class='ocrx_word' id='word_1_145' title='bbox 588 1894 724 1961; x_wconf 85' lang='lat' dir='ltr'>jejunum,</span> <span class='ocrx_word' id='word_1_146' title='bbox 769 1911 847 1945; x_wconf 89' lang='lat' dir='ltr'>neam</span> <span class='ocrx_word' id='word_1_147' title='bbox 855 1891 999 1958; x_wconf 83' lang='lat' dir='ltr'>mittendis,</span> <span class='ocrx_word' id='word_1_148' title='bbox 1007 1906 1042 1957; x_wconf 88' lang='lat' dir='ltr'>et,</span> <span class='ocrx_word' id='word_1_149' title='bbox 1053 1893 1080 1942; x_wconf 87' lang='lat' dir='ltr'>iri</span> <span class='ocrx_word' id='word_1_150' title='bbox 1088 1893 1147 1962; x_wconf 89' lang='lat' dir='ltr'>ipso</span> <span class='ocrx_word' id='word_1_151' title='bbox 1160 1907 1269 1942; x_wconf 87' lang='lat' dir='ltr'>accessu</span> 
     </span>
     <span class='ocr_line' id='line_1_19' title="bbox 224 1969 1268 2047; baseline -0.006 -21"><span class='ocrx_word' id='word_1_152' title='bbox 224 1993 321 2047; x_wconf 80' lang='lat' dir='ltr'>magna</span> <span class='ocrx_word' id='word_1_153' title='bbox 342 1994 449 2040; x_wconf 87' lang='lat' dir='ltr'>rerum,</span> <span class='ocrx_word' id='word_1_154' title='bbox 475 1973 675 2038; x_wconf 82' lang='lat' dir='ltr'>accessionum,</span> <span class='ocrx_word' id='word_1_155' title='bbox 699 1983 726 2024; x_wconf 89' lang='lat' dir='ltr'>et</span> <span class='ocrx_word' id='word_1_156' title='bbox 771 1970 1038 2038; x_wconf 83' lang='lat' dir='ltr'>adurbem,Cemillae</span> <span class='ocrx_word' id='word_1_157' title='bbox 1048 1969 1268 2044; x_wconf 76' lang='lat' dir='ltr'>pugnaacoaede.</span> 
     </span>
    </p>
   </div>
   <div class='ocr_carea' id='block_1_6' title="bbox 678 2204 856 2235">
    <p class='ocr_par' dir='ltr' id='par_1_7' title="bbox 678 2204 856 2235">
     <span class='ocr_line' id='line_1_20' title="bbox 678 2204 856 2235; baseline -0.006 0"><span class='ocrx_word' id='word_1_158' title='bbox 678 2215 818 2235; x_wconf 51' lang='grc' dir='ltr'><em>Η</em></span> <span class='ocrx_word' id='word_1_159' title='bbox 853 2204 856 2209; x_wconf 47' lang='lat'>¹</span> 
     </span>
    </p>
   </div>
   <div class='ocr_carea' id='block_1_7' title="bbox 225 2379 1149 2823">
    <p class='ocr_par' dir='ltr' id='par_1_8' title="bbox 225 2379 1149 2823">
     <span class='ocr_line' id='line_1_21' title="bbox 226 2379 1000 2505; baseline -0.008 -21"><span class='ocrx_word' id='word_1_160' title='bbox 226 2379 411 2484; x_wconf 74' lang='lat' dir='ltr'>Ocritum</span> <span class='ocrx_word' id='word_1_161' title='bbox 425 2415 549 2479; x_wconf 86' lang='lat' dir='ltr'>interea</span> <span class='ocrx_word' id='word_1_162' title='bbox 561 2435 698 2504; x_wconf 78' lang='lat' dir='ltr'>surgens</span> <span class='ocrx_word' id='word_1_163' title='bbox 710 2418 836 2480; x_wconf 83' lang='lat' dir='ltr'>Aurora</span> <span class='ocrx_word' id='word_1_164' title='bbox 848 2415 1000 2505; x_wconf 85' lang='lat' dir='ltr'>reliquit:</span> 
     </span>
     <span class='ocr_line' id='line_1_22' title="bbox 225 2519 1149 2610; baseline 0.001 -25"><span class='ocrx_word' id='word_1_165' title='bbox 225 2525 572 2610; x_wconf 77' lang='lat' dir='ltr'>AEneaS,&#39;quamquam</span> <span class='ocrx_word' id='word_1_166' title='bbox 585 2537 618 2586; x_wconf 89' lang='lat' dir='ltr'>et</span> <span class='ocrx_word' id='word_1_167' title='bbox 629 2521 726 2586; x_wconf 85' lang='lat' dir='ltr'>sociis</span> <span class='ocrx_word' id='word_1_168' title='bbox 739 2521 817 2586; x_wconf 82' lang='lat' dir='ltr'>dure</span> <span class='ocrx_word' id='word_1_169' title='bbox 830 2538 961 2610; x_wconf 87' lang='lat' dir='ltr'>tempus</span> <span class='ocrx_word' id='word_1_170' title='bbox 973 2519 1149 2586; x_wconf 86' lang='lat' dir='ltr'>humandis</span> 
     </span>
     <span class='ocr_line' id='line_1_23' title="bbox 225 2627 1068 2717; baseline 0.001 -25"><span class='ocrx_word' id='word_1_171' title='bbox 225 2627 433 2716; x_wconf 68' lang='lat' dir='ltr'>Praecipitant</span> <span class='ocrx_word' id='word_1_172' title='bbox 445 2647 546 2710; x_wconf 85' lang='lat' dir='ltr'>curae,</span> <span class='ocrx_word' id='word_1_173' title='bbox 560 2627 756 2717; x_wconf 86' lang='lat' dir='ltr'>turbataque</span> <span class='ocrx_word' id='word_1_174' title='bbox 769 2629 887 2693; x_wconf 89' lang='lat' dir='ltr'>funere</span> <span class='ocrx_word' id='word_1_175' title='bbox 899 2650 994 2693; x_wconf 88' lang='lat' dir='ltr'>mens</span> <span class='ocrx_word' id='word_1_176' title='bbox 1006 2643 1068 2708; x_wconf 86' lang='lat' dir='ltr'>est,</span> 
     </span>
     <span class='ocr_line' id='line_1_24' title="bbox 226 2727 914 2823; baseline 0.001 -26"><span class='ocrx_word' id='word_1_177' title='bbox 226 2735 311 2798; x_wconf 87' lang='lat' dir='ltr'>Vota</span> <span class='ocrx_word' id='word_1_178' title='bbox 324 2732 424 2799; x_wconf 89' lang='lat' dir='ltr'>deum</span> <span class='ocrx_word' id='word_1_179' title='bbox 436 2735 544 2823; x_wconf 87' lang='lat' dir='ltr'>primo</span> <span class='ocrx_word' id='word_1_180' title='bbox 556 2727 662 2799; x_wconf 86' lang='lat' dir='ltr'>victor</span> <span class='ocrx_word' id='word_1_181' title='bbox 674 2731 821 2800; x_wconf 86' lang='lat' dir='ltr'>solvebat</span> <span class='ocrx_word' id='word_1_182' title='bbox 832 2735 914 2800; x_wconf 89' lang='lat' dir='ltr'>Eoo.</span> 
     </span>
    </p>
   </div>
   <div class='ocr_carea' id='block_1_8' title="bbox 225 2953 1274 3164">
    <p class='ocr_par' dir='ltr' id='par_1_9' title="bbox 225 2953 1274 3164">
     <span class='ocr_line' id='line_1_25' title="bbox 257 2953 1271 3014; baseline -0.002 -14"><span class='ocrx_word' id='word_1_183' title='bbox 257 2972 269 3001; x_wconf 87' lang='lat'><em>2</em></span> <span class='ocrx_word' id='word_1_184' title='bbox 281 2963 304 3000; x_wconf 88' lang='lat' dir='ltr'>et</span> <span class='ocrx_word' id='word_1_185' title='bbox 314 2955 378 3000; x_wconf 89' lang='lat' dir='ltr'>abest</span> <span class='ocrx_word' id='word_1_186' title='bbox 389 2954 510 3002; x_wconf 87' lang='lat' dir='ltr'>nonnullis</span> <span class='ocrx_word' id='word_1_187' title='bbox 524 2957 586 3002; x_wconf 87' lang='lat' dir='ltr'>Pier.</span> <span class='ocrx_word' id='word_1_188' title='bbox 604 2967 627 3001; x_wconf 88' lang='lat' dir='ltr'>et</span> <span class='ocrx_word' id='word_1_189' title='bbox 644 2954 737 3014; x_wconf 68' lang='lat' dir='ltr'>Heius,</span> <span class='ocrx_word' id='word_1_190' title='bbox 756 2960 825 3004; x_wconf 88' lang='lat' dir='ltr'>ctiam</span> <span class='ocrx_word' id='word_1_191' title='bbox 836 2957 896 3003; x_wconf 67' lang='lat' dir='ltr'>edd</span> <span class='ocrx_word' id='word_1_192' title='bbox 912 2969 969 3006; x_wconf 80' lang='lat' dir='ltr'>vett.</span> <span class='ocrx_word' id='word_1_193' title='bbox 987 2956 1097 3002; x_wconf 67' lang='lat' dir='ltr'>humanda·</span> <span class='ocrx_word' id='word_1_194' title='bbox 1106 2953 1195 3000; x_wconf 81' lang='lat' dir='ltr'>Zulich.</span> <span class='ocrx_word' id='word_1_195' title='bbox 1207 2971 1240 2990; x_wconf 65' lang='lat' dir='ltr'>-w</span> <span class='ocrx_word' id='word_1_196' title='bbox 1249 2953 1271 2999; x_wconf 82' lang='lat'>3.</span> 
     </span>
     <span class='ocr_line' id='line_1_26' title="bbox 225 3024 1274 3091; baseline -0.004 -19"><span class='ocrx_word' id='word_1_197' title='bbox 225 3024 302 3072; x_wconf 84' lang='lat' dir='ltr'>Julius</span> <span class='ocrx_word' id='word_1_198' title='bbox 313 3025 365 3072; x_wconf 76' lang='lat' dir='ltr'>sab.</span> <span class='ocrx_word' id='word_1_199' title='bbox 375 3025 408 3070; x_wconf 76' lang='lat' dir='ltr'>ad</span> <span class='ocrx_word' id='word_1_200' title='bbox 420 3025 443 3070; x_wconf 93' lang='lat' dir='ltr'>h.</span> <span class='ocrx_word' id='word_1_201' title='bbox 458 3043 479 3072; x_wconf 84' lang='lat' dir='ltr'>v.</span> <span class='ocrx_word' id='word_1_202' title='bbox 494 3026 659 3088; x_wconf 76' lang='lat' dir='ltr'>«Apronianus</span> <span class='ocrx_word' id='word_1_203' title='bbox 671 3025 741 3090; x_wconf 70' lang='lat' dir='ltr'>legit:</span> <span class='ocrx_word' id='word_1_204' title='bbox 752 3044 813 3074; x_wconf 76' lang='lat' dir='ltr'>meras</span> <span class='ocrx_word' id='word_1_205' title='bbox 825 3028 914 3074; x_wconf 82' lang='lat' dir='ltr'>turbata</span> <span class='ocrx_word' id='word_1_206' title='bbox 924 3030 1051 3091; x_wconf 74' lang='lat' dir='ltr'>precipitat</span> <span class='ocrx_word' id='word_1_207' title='bbox 1053 3025 1148 3088; x_wconf 65' lang='lat' dir='ltr'>fiunem.</span> <span class='ocrx_word' id='word_1_208' title='bbox 1159 3045 1169 3065; x_wconf 75' lang='grc' dir='ltr'>ι</span> <span class='ocrx_word' id='word_1_209' title='bbox 1181 3025 1274 3086; x_wconf 73' lang='lat' dir='ltr'>Spectat</span> 
     </span>
     <span class='ocr_line' id='line_1_27' title="bbox 226 3084 1236 3164; baseline -0.002 -22"><span class='ocrx_word' id='word_1_210' title='bbox 226 3084 271 3144; x_wconf 86' lang='lat' dir='ltr'>boe</span> <span class='ocrx_word' id='word_1_211' title='bbox 284 3113 325 3155; x_wconf 87' lang='lat' dir='ltr'>eo,</span> <span class='ocrx_word' id='word_1_212' title='bbox 337 3096 401 3161; x_wconf 93' lang='lat' dir='ltr'>quod</span> <span class='ocrx_word' id='word_1_213' title='bbox 411 3099 436 3142; x_wconf 91' lang='lat' dir='ltr'>iu</span> <span class='ocrx_word' id='word_1_214' title='bbox 447 3097 555 3143; x_wconf 86' lang='lat' dir='ltr'>Mediceo</span> <span class='ocrx_word' id='word_1_215' title='bbox 567 3097 652 3160; x_wconf 73' lang='lat' dir='ltr'>legitur</span> <span class='ocrx_word' id='word_1_216' title='bbox 662 3114 668 3144; x_wconf 92' lang='lat'>:</span> <span class='ocrx_word' id='word_1_217' title='bbox 674 3098 775 3162; x_wconf 79' lang='lat' dir='ltr'>funera5</span> <span class='ocrx_word' id='word_1_218' title='bbox 786 3103 819 3146; x_wconf 85' lang='lat' dir='ltr'>sic</span> <span class='ocrx_word' id='word_1_219' title='bbox 831 3116 926 3164; x_wconf 90' lang='lat' dir='ltr'>quoque</span> <span class='ocrx_word' id='word_1_220' title='bbox 937 3101 991 3144; x_wconf 80' lang='lat' dir='ltr'>Ere.</span> <span class='ocrx_word' id='word_1_221' title='bbox 1001 3100 1092 3154; x_wconf 78' lang='lat' dir='ltr'>burm,</span> <span class='ocrx_word' id='word_1_222' title='bbox 1104 3111 1236 3159; x_wconf 85' lang='lat' dir='ltr'>perperam.</span> 
     </span>
    </p>
   </div>
   <div class='ocr_carea' id='block_1_9' title="bbox 227 3284 1272 4073">
    <p class='ocr_par' dir='ltr' id='par_1_10' title="bbox 227 3284 1272 4073">
     <span class='ocr_line' id='line_1_28' title="bbox 268 3284 1271 3362; baseline 0.004 -26"><span class='ocrx_word' id='word_1_223' title='bbox 268 3302 290 3336; x_wconf 83' lang='lat' dir='ltr'>r.</span> <span class='ocrx_word' id='word_1_224' title='bbox 307 3284 399 3336; x_wconf 87' lang='lat' dir='ltr'>Altero</span> <span class='ocrx_word' id='word_1_225' title='bbox 416 3307 494 3340; x_wconf 84' lang='lat' dir='ltr'>mane</span> <span class='ocrx_word' id='word_1_226' title='bbox 508 3302 570 3359; x_wconf 88' lang='lat' dir='ltr'>post</span> <span class='ocrx_word' id='word_1_227' title='bbox 584 3292 728 3362; x_wconf 90' lang='lat' dir='ltr'>superioris</span> <span class='ocrx_word' id='word_1_228' title='bbox 774 3292 850 3344; x_wconf 86' lang='lat' dir='ltr'>Certe</span> <span class='ocrx_word' id='word_1_229' title='bbox 862 3290 977 3342; x_wconf 71' lang='lat' dir='ltr'>formula</span> <span class='ocrx_word' id='word_1_230' title='bbox 994 3290 1092 3338; x_wconf 81' lang='lat' dir='ltr'>interea</span> <span class='ocrx_word' id='word_1_231' title='bbox 1108 3301 1205 3357; x_wconf 86' lang='lat' dir='ltr'>perum</span> <span class='ocrx_word' id='word_1_232' title='bbox 1222 3307 1271 3359; x_wconf 88' lang='lat' dir='ltr'>op-</span> 
     </span>
     <span class='ocr_line' id='line_1_29' title="bbox 227 3355 1271 3442; baseline 0.001 -25"><span class='ocrx_word' id='word_1_233' title='bbox 227 3355 281 3417; x_wconf 89' lang='lat' dir='ltr'>diei</span> <span class='ocrx_word' id='word_1_234' title='bbox 299 3383 430 3434; x_wconf 79' lang='lat' dir='ltr'>pugnam,</span> <span class='ocrx_word' id='word_1_235' title='bbox 453 3370 527 3437; x_wconf 88' lang='lat' dir='ltr'>cujus</span> <span class='ocrx_word' id='word_1_236' title='bbox 554 3373 650 3422; x_wconf 85' lang='lat' dir='ltr'>exitum</span> <span class='ocrx_word' id='word_1_237' title='bbox 674 3391 729 3423; x_wconf 89' lang='lat' dir='ltr'>non</span> <span class='ocrx_word' id='word_1_238' title='bbox 773 3384 888 3442; x_wconf 78' lang='lat' dir='ltr'>portuno</span> <span class='ocrx_word' id='word_1_239' title='bbox 908 3387 965 3420; x_wconf 87' lang='lat' dir='ltr'>esse</span> <span class='ocrx_word' id='word_1_240' title='bbox 981 3366 1103 3419; x_wconf 87' lang='lat' dir='ltr'>videtur:</span> <span class='ocrx_word' id='word_1_241' title='bbox 1122 3367 1144 3416; x_wconf 88' lang='lat' dir='ltr'>si</span> <span class='ocrx_word' id='word_1_242' title='bbox 1163 3366 1271 3420; x_wconf 88' lang='lat' dir='ltr'>ultimos</span> 
     </span>
     <span class='ocr_line' id='line_1_30' title="bbox 228 3443 1214 3519; baseline 0.004 -25"><span class='ocrx_word' id='word_1_243' title='bbox 228 3443 324 3494; x_wconf 87' lang='lat' dir='ltr'>diserte</span> <span class='ocrx_word' id='word_1_244' title='bbox 346 3449 515 3511; x_wconf 89' lang='lat' dir='ltr'>memoravit,</span> <span class='ocrx_word' id='word_1_245' title='bbox 535 3449 582 3500; x_wconf 86' lang='lat' dir='ltr'>sed</span> <span class='ocrx_word' id='word_1_246' title='bbox 604 3451 728 3502; x_wconf 85' lang='lat' dir='ltr'>Mezentii</span> <span class='ocrx_word' id='word_1_247' title='bbox 773 3468 864 3503; x_wconf 83' lang='lat' dir='ltr'>versus</span> <span class='ocrx_word' id='word_1_248' title='bbox 874 3449 1017 3519; x_wconf 78' lang='lat' dir='ltr'>superioris</span> <span class='ocrx_word' id='word_1_249' title='bbox 1030 3445 1092 3497; x_wconf 93' lang='lat' dir='ltr'>libri</span> <span class='ocrx_word' id='word_1_250' title='bbox 1104 3449 1214 3518; x_wconf 79' lang='lat' dir='ltr'>cogites.</span> 
     </span>
     <span class='ocr_line' id='line_1_31' title="bbox 227 3519 1271 3601; baseline 0.002 -25"><span class='ocrx_word' id='word_1_251' title='bbox 227 3522 299 3576; x_wconf 84' lang='lat' dir='ltr'>caede</span> <span class='ocrx_word' id='word_1_252' title='bbox 313 3524 417 3574; x_wconf 82' lang='lat' dir='ltr'>territos</span> <span class='ocrx_word' id='word_1_253' title='bbox 428 3524 540 3578; x_wconf 82' lang='lat' dir='ltr'>Rutulos</span> <span class='ocrx_word' id='word_1_254' title='bbox 553 3531 580 3580; x_wconf 91' lang='lat' dir='ltr'>in</span> <span class='ocrx_word' id='word_1_255' title='bbox 594 3531 687 3601; x_wconf 75' lang='lat' dir='ltr'>fugam</span> <span class='ocrx_word' id='word_1_256' title='bbox 699 3547 727 3583; x_wconf 86' lang='lat' dir='ltr'>se</span> <span class='ocrx_word' id='word_1_257' title='bbox 809 3537 832 3580; x_wconf 75' lang='lat' dir='ltr'>b.</span> <span class='ocrx_word' id='word_1_258' title='bbox 847 3529 871 3581; x_wconf 84' lang='grc'>3.</span> <span class='ocrx_word' id='word_1_259' title='bbox 887 3545 955 3578; x_wconf 85' lang='lat' dir='ltr'>curoe</span> <span class='ocrx_word' id='word_1_260' title='bbox 971 3519 1157 3599; x_wconf 65' lang='lat' dir='ltr'>praecipitant,</span> <span class='ocrx_word' id='word_1_261' title='bbox 1174 3539 1271 3597; x_wconf 85' lang='lat' dir='ltr'>poten·</span> 
     </span>
     <span class='ocr_line' id='line_1_32' title="bbox 228 3601 1272 3679; baseline 0.001 -25"><span class='ocrx_word' id='word_1_262' title='bbox 228 3601 332 3654; x_wconf 85' lang='lat' dir='ltr'>dedisse</span> <span class='ocrx_word' id='word_1_263' title='bbox 350 3601 429 3655; x_wconf 83' lang='lat' dir='ltr'>facile</span> <span class='ocrx_word' id='word_1_264' title='bbox 450 3609 634 3679; x_wconf 85' lang='lat' dir='ltr'>unusquisque</span> <span class='ocrx_word' id='word_1_265' title='bbox 657 3627 728 3662; x_wconf 84' lang='lat' dir='ltr'>asse·</span> <span class='ocrx_word' id='word_1_266' title='bbox 772 3609 838 3674; x_wconf 86' lang='lat' dir='ltr'>tius,</span> <span class='ocrx_word' id='word_1_267' title='bbox 856 3627 950 3678; x_wconf 85' lang='lat' dir='ltr'>quarn,</span> <span class='ocrx_word' id='word_1_268' title='bbox 962 3611 1073 3678; x_wconf 75' lang='lat' dir='ltr'>urgent,</span> <span class='ocrx_word' id='word_1_269' title='bbox 1090 3617 1230 3676; x_wconf 86' lang='lat' dir='ltr'>premunt,</span> <span class='ocrx_word' id='word_1_270' title='bbox 1243 3618 1272 3656; x_wconf 90' lang='lat' dir='ltr'>ut</span> 
     </span>
     <span class='ocr_line' id='line_1_33' title="bbox 229 3679 1272 3759; baseline 0.004 -29"><span class='ocrx_word' id='word_1_271' title='bbox 229 3681 328 3750; x_wconf 86' lang='lat' dir='ltr'>quitur.</span> <span class='ocrx_word' id='word_1_272' title='bbox 338 3679 510 3736; x_wconf 86' lang='lat' dir='ltr'>Brevitatisne</span> <span class='ocrx_word' id='word_1_273' title='bbox 521 3686 610 3738; x_wconf 80' lang='lat' dir='ltr'>studio</span> <span class='ocrx_word' id='word_1_274' title='bbox 618 3686 670 3738; x_wconf 80' lang='lat' dir='ltr'>hnc</span> <span class='ocrx_word' id='word_1_275' title='bbox 680 3688 727 3740; x_wconf 88' lang='lat' dir='ltr'>de·</span> <span class='ocrx_word' id='word_1_276' title='bbox 758 3749 760 3754; x_wconf 65' lang='lat'>,</span> <span class='ocrx_word' id='word_1_277' title='bbox 772 3687 938 3759; x_wconf 88' lang='lat' dir='ltr'>impenderet</span> <span class='ocrx_word' id='word_1_278' title='bbox 949 3698 1053 3758; x_wconf 90' lang='lat' dir='ltr'>tempus</span> <span class='ocrx_word' id='word_1_279' title='bbox 1065 3684 1216 3736; x_wconf 81' lang='lat' dir='ltr'>humationi</span> <span class='ocrx_word' id='word_1_280' title='bbox 1225 3703 1272 3736; x_wconf 81' lang='lat' dir='ltr'>cae·</span> 
     </span>
     <span class='ocr_line' id='line_1_34' title="bbox 228 3759 1271 3837; baseline -0.006 -17"><span class='ocrx_word' id='word_1_281' title='bbox 228 3759 297 3811; x_wconf 66' lang='lat' dir='ltr'>derit</span> <span class='ocrx_word' id='word_1_282' title='bbox 308 3771 402 3828; x_wconf 76' lang='lat' dir='ltr'>poeta,</span> <span class='ocrx_word' id='word_1_283' title='bbox 416 3766 460 3820; x_wconf 73' lang='grc' dir='ltr'>(ω’</span> <span class='ocrx_word' id='word_1_284' title='bbox 479 3783 582 3837; x_wconf 70' lang='lat' dir='ltr'>temper</span> <span class='ocrx_word' id='word_1_285' title='bbox 599 3767 634 3818; x_wconf 87' lang='lat' dir='ltr'>ad</span> <span class='ocrx_word' id='word_1_286' title='bbox 651 3786 727 3820; x_wconf 49' lang='lat' dir='ltr'>even—¹</span> <span class='ocrx_word' id='word_1_287' title='bbox 772 3785 862 3819; x_wconf 86' lang='lat' dir='ltr'>sorum</span> <span class='ocrx_word' id='word_1_288' title='bbox 875 3766 996 3819; x_wconf 87' lang='lat' dir='ltr'>militnm.</span> <span class='ocrx_word' id='word_1_289' title='bbox 1004 3765 1120 3836; x_wconf 83' lang='lat' dir='ltr'>funere,</span> <span class='ocrx_word' id='word_1_290' title='bbox 1134 3763 1271 3816; x_wconf 82' lang='lat' dir='ltr'>dolore&#39;ex</span> 
     </span>
     <span class='ocr_line' id='line_1_35' title="bbox 228 3837 1272 3915; baseline 0 -21"><span class='ocrx_word' id='word_1_291' title='bbox 228 3852 284 3890; x_wconf 76' lang='lat' dir='ltr'>tum</span> <span class='ocrx_word' id='word_1_292' title='bbox 296 3837 417 3906; x_wconf 76' lang='lat' dir='ltr'>festinat,</span> <span class='ocrx_word' id='word_1_293' title='bbox 437 3856 476 3909; x_wconf 88' lang='lat' dir='ltr'>et,</span> <span class='ocrx_word' id='word_1_294' title='bbox 498 3863 554 3915; x_wconf 69' lang='lat' dir='ltr'>quar</span> <span class='ocrx_word' id='word_1_295' title='bbox 571 3848 661 3898; x_wconf 87' lang='lat' dir='ltr'>ornari</span> <span class='ocrx_word' id='word_1_296' title='bbox 677 3867 727 3900; x_wconf 82' lang='lat' dir='ltr'>neo</span> <span class='ocrx_word' id='word_1_297' title='bbox 772 3847 911 3899; x_wconf 85' lang='lat' dir='ltr'>funeribus</span> <span class='ocrx_word' id='word_1_298' title='bbox 930 3859 1053 3912; x_wconf 83' lang='lat' dir='ltr'>suorum,</span> <span class='ocrx_word' id='word_1_299' title='bbox 1073 3845 1194 3914; x_wconf 87' lang='lat' dir='ltr'>inprimis</span> <span class='ocrx_word' id='word_1_300' title='bbox 1213 3842 1272 3896; x_wconf 84' lang='lat' dir='ltr'>Pel·</span> 
     </span>
     <span class='ocr_line' id='line_1_36' title="bbox 228 3921 1268 3992; baseline 0.008 -28"><span class='ocrx_word' id='word_1_301' title='bbox 228 3926 353 3986; x_wconf 77' lang='lat' dir='ltr'>possunt,</span> <span class='ocrx_word' id='word_1_302' title='bbox 362 3921 474 3987; x_wconf 87' lang='lat' dir='ltr'>omittit,</span> <span class='ocrx_word' id='word_1_303' title='bbox 483 3942 517 3974; x_wconf 88' lang='lat' dir='ltr'>an</span> <span class='ocrx_word' id='word_1_304' title='bbox 525 3925 649 3976; x_wconf 88' lang='lat' dir='ltr'>secundis</span> <span class='ocrx_word' id='word_1_305' title='bbox 657 3927 727 3977; x_wconf 87' lang='lat' dir='ltr'>curis</span> <span class='ocrx_word' id='word_1_306' title='bbox 772 3927 861 3978; x_wconf 86' lang='lat' dir='ltr'>lautis.</span> <span class='ocrx_word' id='word_1_307' title='bbox 872 3957 907 3965; x_wconf 93' lang='lat'><strong>—</strong></span> <span class='ocrx_word' id='word_1_308' title='bbox 916 3926 941 3992; x_wconf 75' lang='grc'>4.</span> <span class='ocrx_word' id='word_1_309' title='bbox 955 3927 1011 3977; x_wconf 85' lang='grc' dir='ltr'>Εοο</span> <span class='ocrx_word' id='word_1_310' title='bbox 1022 3925 1161 3987; x_wconf 76' lang='lat' dir='ltr'>Lucifero,</span> <span class='ocrx_word' id='word_1_311' title='bbox 1172 3936 1202 3974; x_wconf 93' lang='lat' dir='ltr'>ut</span> <span class='ocrx_word' id='word_1_312' title='bbox 1212 3941 1268 3992; x_wconf 86' lang='lat' dir='ltr'>sup.</span> 
     </span>
     <span class='ocr_line' id='line_1_37' title="bbox 229 3998 1271 4073; baseline 0.001 -21"><span class='ocrx_word' id='word_1_313' title='bbox 229 3998 383 4063; x_wconf 73' lang='lat' dir='ltr'>reservarit,</span> <span class='ocrx_word' id='word_1_314' title='bbox 392 4003 449 4071; x_wconf 86' lang='lat' dir='ltr'>quis</span> <span class='ocrx_word' id='word_1_315' title='bbox 459 4021 509 4073; x_wconf 87' lang='lat' dir='ltr'>pro</span> <span class='ocrx_word' id='word_1_316' title='bbox 517 4016 590 4056; x_wconf 85' lang='lat' dir='ltr'>certo</span> <span class='ocrx_word' id='word_1_317' title='bbox 599 4003 729 4058; x_wconf 80' lang='lat' dir='ltr'>affirmet?</span> <span class='ocrx_word' id='word_1_318' title='bbox 773 4006 824 4072; x_wconf 88' lang='lat' dir='ltr'>lll,</span> <span class='ocrx_word' id='word_1_319' title='bbox 837 4004 897 4058; x_wconf 81' lang='lat'><strong>588.</strong></span> <span class='ocrx_word' id='word_1_320' title='bbox 908 4005 950 4056; x_wconf 81' lang='lat' dir='ltr'>Ad</span> <span class='ocrx_word' id='word_1_321' title='bbox 963 4004 1117 4073; x_wconf 72' lang='lat' dir='ltr'>religionem</span> <span class='ocrx_word' id='word_1_322' title='bbox 1129 4014 1218 4054; x_wconf 85' lang='lat' dir='ltr'>autem</span> <span class='ocrx_word' id='word_1_323' title='bbox 1231 4001 1271 4053; x_wconf 71' lang='grc' dir='ltr'>Ε-</span> 
     </span>
    </p>
   </div>
   <div class='ocr_carea' id='block_1_10' title="bbox 0 0 1377 4598">
    <p class='ocr_par' dir='ltr' id='par_1_11' title="bbox 0 0 1377 4598">
     <span class='ocr_line' id='line_1_38' title="bbox 0 0 1377 4598; baseline 0 0"><span class='ocrx_word' id='word_1_324' title='bbox 0 0 1377 4598; x_wconf 95' lang='lat' dir='ltr'> </span> 
     </span>
    </p>
   </div>
  </div>
 </body>
</html>
