2736 4598
6 3107 15 3272 ''n-‘-
6 2557 17 3064 -u--a--a
7 2471 14 2508 ...-

255 345 319 391 220
503 271 1046 386 solemnissimum

253 449 342 534 Ergo
353 443 530 511 concilium
541 465 711 532 magnum,
724 441 915 531 primosque
928 464 1063 510 suorum

250 551 398 640 Imperio
409 548 548 628 adcitos,
561 548 723 613 altarintra
734 547 846 612 limina
859 548 956 634 cogit.

251 656 320 722 Olli
331 677 530 734 convenere,
545 653 719 742 fluuntque
732 651 774 717 ad
786 653 875 740 regia
886 653 993 740 plenis

251 760 355 826 'l'ecta
366 760 427 825 viis
439 783 445 823 :
459 758 553 824 sedet
564 759 598 821 in
610 757 727 822 mediis
740 773 773 821 et
784 780 955 822 maxumus
968 779 1052 838 aevo,

252 868 295 931 Et
306 867 431 955 primus
444 865 594 953 sceptris,
608 862 697 929 haud
709 863 782 927 laeta
795 863 919 942 fronte,
933 865 1078 930 Latinus.
1113 857 1116 861 ’

253 976 362 1062 Atque
374 972 428 1037 hic
440 971 564 1060 legatos
576 969 681 1034 AEtola
693 991 733 1033 ex
744 968 827 1033 urbe
839 968 1007 1049 remissos,

253 1081 335 1162 Quae
348 1079 505 1157 referant,
518 1075 697 1166 forijubct,
712 1091 744 1139 et
757 1097 913 1163 responsa
925 1075 1068 1164 reposcit
1257 1088 1300 1146 aas

255 1180 380 1250 Ordine
391 1199 510 1249 cuncta
521 1204 598 1261 suo;
609 1199 680 1246 tum
693 1181 778 1245 iacta
790 1179 918 1245 silentia
929 1180 1064 1267 linguis,

256 1291 298 1354 Et
309 1279 458 1354 Venulus
469 1286 559 1354 dicto
571 1309 690 1375 parens
702 1287 746 1350 ita
758 1285 856 1349 farier
868 1284 960 1350 infit:

306 1394 496 1472 «Vidimus,
510 1416 531 1458 o
543 1393 646 1472 cives,
660 1390 822 1457 Diomede
834 1391 1018 1479 Argivaque
1031 1406 1150 1472 castra,

254 1504 361 1591 Atque
374 1501 436 1564 iter
448 1499 573 1564 emensi
585 1520 678 1564 casus
691 1497 917 1585 superavimus
930 1497 1052 1576 omnis;

252 1606 525 1695 Contigimusque
537 1627 686 1683 manum,
700 1625 765 1692 qua
776 1601 921 1668 concidit
933 1602 993 1666 llia
1004 1603 1111 1668 tellus,
1256 1617 1299 1676 αις

288 1805 340 1863 134.
353 1804 469 1852 consilium
478 1807 534 1869 lieg.
542 1818 565 1851 et
571 1805 684 1863 Dorvill,
695 1804 761 1869 quod
767 1803 939 1867 praeferendum
947 1815 1077 1851 cenaetvan
1084 1803 1169 1851 llouen
1178 1805 1301 1868 Campens.

256 1879 320 1926 Fasc.
328 1880 371 1937 lll,
381 1896 433 1943 pag.
443 1879 494 1925 2²6.
506 1882 529 1924 in
539 1876 656 1924 consilium
662 1877 731 1924 Goth.
742 1890 795 1924 tert.
803 1902 835 1912 —
842 1877 894 1924 235.
903 1879 960 1922 inter
968 1874 982 1920 l.
991 1875 1081 1940 aliquot
1089 1878 1168 1921 Burni.
1178 1880 1240 1923 r'ntru
1247 1895 1302 1924 moe-

158 1967 160 1972 ·
255 1953 366 1998 niollom.
375 1967 428 1998 curn
436 1950 504 1997 Goth.
518 1966 564 1998 sec.
572 1976 603 1986 -
611 1949 663 1996 236.
672 1948 737 1996 lllt'co
744 1947 833 2012 aliquot
841 1948 903 2011 apud
911 1949 988 1993 Burm.
994 1981 1002 2004 ‚
1011 1960 1050 1994 aut
1058 1951 1135 2009 potine
1142 1947 1301 1996 Illicouenere.

253 2022 326 2069 Porro
338 2031 450 2086 ruuntque
456 2019 531 2068 Colot.
540 2019 627 2067 Medic.
636 2022 702 2067 Voss.
714 2037 751 2083 pr.
763 2032 786 2066 et
797 2021 871 2075 Ven.,
882 2018 942 2064 adde
953 2016 1021 2063 Goth.
1031 2033 1076 2063 sec.
1087 2029 1110 2063 et
1122 2029 1190 2074 tert,
1202 2021 1270 2083 quod
1280 2033 1302 2066 et

255 2096 331 2157 ipsum
337 2095 398 2141 bene
407 2094 454 2140 dici
461 2109 530 2139 nemo
538 2091 642 2140 dubitet:
652 2105 676 2140 et
682 2091 794 2155 exemplis
799 2092 906 2155 probavit
911 2089 1088 2144 lleim.;verum
1097 2105 1140 2134 nec
1148 2092 1303 2152 minnsfluere

257 2163 350 2225 elegans
363 2176 386 2210 et
396 2162 502 2210 sollenne
519 2175 555 2209 est
566 2163 596 2209 de
608 2180 689 2225 magna
706 2163 787 2218 turba,
800 2164 834 2206 uti
844 2162 918 2206 Graec.
931 2155 984 2222 itit,
997 2155 1102 2222 imiimi
1120 2171 1145 2205 et
1159 2164 1303 2222 permutatio
1360 2167 1361 2192 l

256 2237 377 2296 utriusque
388 2236 451 2280 vocis
459 2235 577 2297 frequens.
586 2234 679 2280 Scilicet
686 2232 751 2297 quod
760 2247 861 2278 caussam
872 2230 981 2277 decidere
993 2242 1096 2293 poterat,
1108 2230 1227 2278 hocerat:
1238 2233 1302 2296 quod

254 2303 327 2366 plem's
336 2307 379 2350 viis
390 2303 508 2366 adjectum
526 2307 580 2350 satis
598 2307 686 2367 arguit,
697 2315 790 2365 poetam
800 2302 829 2348 de
842 2305 908 2364 copia
921 2303 1044 2364 cogitasse,
1056 2301 1162 2364 adeoque
1168 2304 1252 2364 fluunt
1262 2321 1304 2351 ve-

256 2376 305 2420 rius
316 2385 356 2420 est.
371 2378 460 2438 ruitque
471 2375 513 2419 lid.
524 2391 560 2436 pr.
570 2377 649 2419 Burm.
663 2400 693 2410 -
707 2374 758 2435 ²37·
774 2389 814 2419 rex
828 2377 939 2419 maximus
954 2385 1009 2421 vett.
1030 2373 1084 2419 edd.
1101 2373 1192 2436 aliquot
1208 2387 1233 2421 et
1250 2375 1301 2420 Ald.

257 2460 293 2505 pr.
310 2454 333 2488 et
346 2459 398 2489 sec..
406 2455 428 2489 et
438 2443 520 2500 codd,
530 2444 572 2490 sed
583 2446 686 2505 potiores
693 2459 773 2490 omnes
785 2459 837 2489 cum
849 2443 901 2489 Ald.
914 2455 966 2490 tert.
974 2453 998 2489 et
1006 2460 1035 2488 m.
1042 2477 1049 2500 ,
1059 2445 1138 2507 sicque
1149 2444 1304 2491 emendarunt

257 2515 319 2560 Pier.
329 2516 371 2558 Ge.
382 2515 471 2561 Fabric.
484 2516 563 2560 lleins.
572 2541 603 2551 -
611 2515 662 2562 238.
671 2518 757 2577 primos
768 2513 865 2561 Mentel.
874 2532 911 2577 pr.
923 2524 946 2561 et
959 2513 1011 2561 loeto
1021 2516 1064 2561 lid.
1077 2532 1112 2578 pr.
1123 2515 1204 2561 Burm.
1212 2541 1244 2552 -
1252 2516 1302 2576 ²39·

258 2583 308 2631 tue
318 2584 406 2631 Zulioh.
415 2611 447 2621 -
460 2583 512 2642 ι4ο.
524 2586 585 2644 Quid
593 2603 613 2631 r.
626 2587 680 2632 Exc.
691 2588 771 2632 Burm.
782 2585 883 2648 referunt
891 2604 927 2650 pr.
938 2587 1020 2633 llamb.
1030 2586 1126 2650 referent
1135 2586 1203 2633 alter.
1210 2613 1243 2624 -
1252 2587 1302 2650 arla.

255 2657 329 2719 atquit
338 2655 375 2701 ed.
387 2671 423 2718 pr.
433 2657 511 2702 Burm.
521 2657 551 2703 ci.
561 2673 613 2719 sup.
624 2655 654 2702 ad
665 2658 710 2713 lll,
722 2655 781 2713 423,
791 2667 814 2702 et
823 2656 870 2703 rid.
882 2656 959 2704 Guell.
970 2657 1001 2702 ad
1010 2656 1034 2702 h.
1043 2656 1060 2702 l.
1069 2681 1101 2693 -
1109 2655 1162 2713 243.
1173 2657 1303 2704 Diomedem

257 2727 311 2773 edd.
326 2738 381 2774 vett.
395 2727 513 2792 pleraque
525 2740 549 2774 et
559 2727 611 2774 lid.
625 2743 671 2775 tec.
681 2745 734 2774 cnm
746 2740 799 2774 tert.
813 2741 837 2774 et
845 2740 899 2775 cett
915 2741 939 2776 et
949 2745 1002 2792 para
1018 2728 1087 2775 codd.
1093 2761 1101 2784 ‚
1118 2739 1141 2774 at
1151 2728 1240 2776 Medic.
1250 2738 1302 2776 otim

255 2799 307 2845 aliit
316 2799 454 2856 Diomeden,
466 2801 531 2864 quod
542 2811 640 2846 metrum
655 2801 791 2864 corrumpit.
804 2801 923 2856 Diomede,
935 2800 1000 2864 quod
1013 2799 1065 2844 illd.
1077 2817 1113 2863 pr.
1122 2799 1194 2846 habet
1201 2834 1209 2856 ,
1221 2813 1245 2848 et
1254 2802 1301 2863 jam

255 2883 303 2917 ant.
316 2871 385 2929 edd„
397 2884 423 2918 ut
436 2873 496 2918 Ven.
512 2871 582 2929 1486,
595 2874 620 2918 in
633 2872 753 2936 plerisque
764 2875 811 2920 suis
823 2884 900 2919 extare
912 2871 970 2919 vidit
985 2872 1046 2918 Pier.
1061 2874 1135 2932 (inter
1148 2887 1209 2934 quos
1225 2884 1301 2919 tamen

256 2943 323 2989 llom.
334 2959 383 2990 non
394 2944 451 3000 luit,
462 2946 545 3007 inquo
556 2944 680 2990 Diomeden
696 2947 756 3004 est),
774 2947 854 3008 sicque
871 2943 969 2990 Mentel.
986 2959 1022 3006 pr.
1034 2956 1057 2990 et
1068 2943 1176 2989 llottend.
1190 2960 1237 2990 sec.
1249 2962 1299 2991 cum

254 3017 337 3061 Servio
348 3027 371 3060 et
382 3015 485 3061 Macrob.
498 3016 527 3072 V,
545 3031 584 3077 17,
601 3027 627 3061 ut
644 3017 674 3061 sit
686 3017 766 3062 Graeca
782 3016 870 3061 forma:
882 3009 1009 3073 numos,
1021 3008 1129 3074 crepitu.
1143 3015 1248 3060 licuerit
1258 3015 1301 3061 hoo

257 3083 379 3141 Heinsius,
391 3085 500 3149 idemque
510 3085 650 3148 opinabatur
657 3085 786 3151 aliquando
795 3088 907 3148 seriptum
916 3084 1002 3130 fuisse:
1014 3083 1130 3131 Diomedei
1139 3083 1177 3130 vel
1186 3084 1300 3140 Diomedi,

258 3152 346 3270 qffin
340 3159 424 3203 merito
436 3157 546 3203 deseruit.
557 3157 584 3201 ln
596 3167 648 3204 tert.
661 3158 771 3206 Rottend.
789 3169 812 3204 et
823 3159 899 3220 Sprot.
912 3155 1027 3202 Dtomcdoe
1033 3174 1042 3210 ,-
1053 3167 1079 3201 ut
1094 3155 1158 3217 apud
1170 3155 1242 3202 Solin.
1254 3173 1272 3203 c.
1286 3171 1297 3201 a

258 3239 269 3268 s
348 3241 392 3271 em.

255 3388 288 3437 tis
312 3387 423 3441 deorum
446 3392 658 3463 significatione,
682 3395 753 3464 ferri
795 3391 899 3463 sceptris
906 3428 915 3455 ,
928 3391 1040 3459 imperio
1054 3401 1081 3441 et
1094 3388 1238 3462 dignitate,
1256 3393 1294 3442 in·
1356 3437 1357 3460 ἦ

252 3465 342 3538 (esse)
363 3469 476 3520 AEneam
492 3471 627 3541 fatalem.-
644 3475 706 3524 fatis
727 3475 752 3526 ei
796 3484 836 3522 ter
848 3486 921 3540 reges
934 3486 965 3519 ac
978 3466 1059 3520 duces
1078 3471 1232 3540 copiarum,
1250 3473 1293 3541 qui

255 3544 346 3597 sedem
364 3547 392 3597 in
412 3548 487 3599 Latio
507 3570 563 3604 esse
582 3551 749 3603 destinatam.
795 3549 1153 3618 auxilioveneranesceptris
1161 3570 1291 3622 proecep-

253 3653 288 3664 -
300 3622 357 3674 235.
376 3627 539 3698 Comparant
555 3630 644 3682 locum
661 3629 694 3682 de
713 3632 750 3682 si·
797 3642 838 3680 tro
851 3629 946 3680 Latini.

254 3701 310 3753 mili
326 3704 570 3770 conciliolliad.ss,
585 3710 614 3760 51
635 3726 710 3778 sqq,
727 3720 753 3760 et
834 3705 893 3775 243.
916 3707 1016 3780 Arqiva
1036 3717 1119 3760 cestre
1139 3727 1189 3778 pro
1213 3708 1291 3774 urbe,

255 3779 324 3831 adv.
343 3780 395 3850 ²39
407 3799 465 3853 sqq.
478 3787 702 3838 renuntiationem
718 3785 754 3838 le·
797 3789 960 3861 Argyrippa,
976 3802 1007 3838 ut
1027 3790 1105 3840 toties
1119 3805 1218 3840 novem
1229 3790 1294 3838 Tro·

255 3870 379 3930 gatorum
397 3861 473 3913 Iliad.
494 3867 522 3930 ζ,
534 3867 585 3936 667
599 3884 656 3936 sqq.
671 3865 754 3936 impe·
796 3868 851 3938 jam
863 3865 1295 3938 Trojanorumcastradictavidi-
1354 3873 1355 3946 i

255 3940 294 3992 rio
314 3939 423 4007 accitos,
443 3961 525 4013 quum
544 3948 576 3998 iis
596 3949 755 4018 imperatum
798 3966 867 4001 mus.
880 3977 914 3988 -
928 3947 986 4014 α45.
1009 3946 1170 4019 Contiqimus
1190 3964 1293 4004 matrum

252 4034 337 4090 esset,
349 4033 378 4073 ut
392 4023 525 4076 venirent.
539 4055 572 4065 -
587 4025 645 4096 ²37·
653 4027 756 4097 primm
799 4027 834 4082 ad
842 4027 960 4082 dextram
968 4027 1058 4082 datam
1065 4027 1148 4098 refer,
1161 4035 1191 4078 ut
1203 4041 1293 4098 supra,
