2724 4600
271 295 330 375 144
505 286 540 350 P.
564 273 795 349 VIRGlLll
818 275 1049 351 Minonis

265 420 321 493 At,
335 410 491 476 Rutulum
504 408 670 484 abscessu,
680 407 811 496 juvenis
824 423 893 470 tum
902 407 992 496 jussa
1006 405 1148 496 superba
1256 420 1301 478 445
1351 431 1352 462 t

265 521 418 595 Miratus,
432 532 541 602 stupet
552 515 586 576 in
599 515 727 591 Turno,
742 533 927 599 corpusque
940 535 999 600 per
1012 515 1127 600 ingens

267 625 406 689 Lumina
419 621 534 696 volvit,
548 617 684 705 obitque
697 617 780 680 truci
793 617 909 703 procul
920 619 1033 706 omnia
1043 621 1136 683 visu:

265 728 401 793 Talibus
415 742 447 789 et
459 724 553 790 dictis
566 724 592 786 it
603 738 715 786 contra
728 721 812 786 dicta
826 723 973 810 tyranni:

271 838 359 896 «Aut
372 829 483 918 spoliis
497 850 557 916 ego
565 827 633 916 jam
646 827 745 914 raptis
758 825 917 890 laudabor
929 829 1061 915 opimiS,

267 942 332 1002 Aut
343 937 410 1001 leto
423 934 541 1021 insigni
554 957 560 995 :
575 933 654 997 sorti
666 949 759 1019 pater
768 953 883 1020 aequus
896 935 1027 1023 utrique
1040 950 1099 999 est.
1260 946 1305 1003 tto
1352 977 1353 1008 ,

266 1042 362 1109 Tolle
374 1043 478 1105 minas
491 1063 497 1101 :
511 1067 524 1096 η
539 1039 638 1118 fatus,
652 1037 799 1102 medium
811 1037 961 1124 procedit
973 1040 1005 1102 in
1019 1062 1143 1128 aequor.

186 1151 199 1168 ⁸
266 1148 417 1236 Frigidus
430 1143 609 1210 Arcadibus
622 1145 687 1207 coit
700 1144 733 1206 in
745 1143 924 1231 praecordia
938 1145 1078 1231 sanguis.

264 1255 407 1322 Desiluit
418 1253 551 1314 Turnus
565 1248 812 1338 bijugis;pedes
824 1248 959 1336 adparat
971 1250 1018 1314 ire

267 1359 459 1427 Comminus
472 1373 595 1442 :utque
608 1355 675 1430 leo,
689 1355 821 1442 specula
834 1377 938 1443 quum
951 1354 1033 1418 vidit
1043 1353 1085 1418 ab
1096 1354 1162 1420 alta

263 1523 342 1584 'ipsunt
355 1513 474 1577 epitheton
486 1510 614 1572 elegantius
623 1511 760 1557 transfertur
769 1510 799 1556 ad
808 1509 906 1557 alterum
918 1528 923 1559 ε
933 1525 1022 1577 equore
1027 1515 1103 1576 jusso,
1113 1529 1161 1575 quo
1173 1514 1218 1575 ipsi
1227 1512 1309 1559 cedere

265 1593 322 1656 justi
338 1589 430 1634 fuerant
442 1600 448 1629 :
462 1585 511 1628 lloc
523 1599 535 1628 a
548 1581 781 1652 Naugerioleditum
797 1594 820 1628 et
836 1598 864 1629 ex
880 1599 909 1630 eo
925 1586 950 1628 in
965 1583 1028 1639 aliis,
1044 1584 1115 1630 habet
1125 1586 1196 1630 Pierii
1209 1583 1308 1638 Medic,

267 1663 353 1722 aliique
363 1659 442 1702 lleins.
453 1669 506 1700 cum
515 1653 585 1698 Goth.
595 1670 645 1715 μη
654 1666 678 1700 et
687 1653 747 1698 hanc
757 1654 882 1700 lectionem
889 1658 982 1702 Semina
991 1658 1156 1718 interpretatur
1167 1673 1196 1701 ex
1205 1654 1306 1701 Macrob.

266 1735 310 1787 Vl,
322 1730 349 1786 6,
363 1729 417 1783 sed,
431 1727 494 1790 quod
507 1727 597 1771 mireris
608 1727 633 1770 in
644 1726 812 1782 Grammatico,
824 1738 933 1788 tanquam
946 1721 1120 1775 luculentiorem
1131 1743 1182 1773 eam
1194 1726 1309 1788 improbat
1354 1771 1355 1780 ,

264 1801 363 1849 Probus.
382 1797 470 1843 Laudat
487 1798 564 1841 Burm.
582 1794 664 1841 Silium
679 1797 713 1851 ll,
725 1793 783 1858 447.
799 1795 838 1840 ubi
853 1797 930 1841 ord'ne
937 1799 1009 1859 jusso.
1027 1797 1059 1841 Ex
1071 1795 1135 1842 lulio
1149 1797 1236 1841 bahino
1248 1805 1310 1856 patet
1354 1787 1355 1834 ἶ

262 1874 336 1920 ¹luisse
346 1870 402 1916 olim
416 1871 457 1931 qui
468 1868 572 1928 legerent
580 1870 655 1931 jussu.
671 1892 702 1903 -
717 1865 770 1923 445.
788 1867 819 1912 Et
834 1867 931 1913 Dorvill.
950 1871 984 1912 At
993 1871 1083 1931 juuem's
1096 1865 1205 1912 nautum
1219 1881 1309 1912 accessu
1354 1889 1355 1904 t

264 1942 336 1989 Goth.
350 1954 402 1987 tert.
417 1949 460 1984 tam
471 1942 536 2002 jussa
553 1937 614 1985 idem
628 1953 680 1984 cum
693 1954 734 2000 qu.
744 1937 821 1984 Moret
841 1939 895 1983 dum
905 1939 958 1983 Exc.
969 1940 1046 1983 Burm.
1061 1953 1114 1983 cnm
1124 1936 1194 1982 Goth.
1207 1949 1261 1984 tert.
1275 1945 1310 1981 tu·

265 2030 288 2058 m
302 2029 318 2057 n
331 2015 376 2074 ipsa
392 2009 454 2054 idem
469 2007 527 2054 alter
539 2010 630 2068 Menag.
645 2023 672 2053 eu
684 2011 749 2070 jussu
766 2007 870 2053 Parrhas.
888 2009 1009 2054 llnserunt
1027 2022 1107 2053 ournes
1125 2010 1150 2051 in
1170 2014 1230 2056 tum,
1248 2002 1311 2068 quod

265 2083 346 2147 paullo
356 2081 458 2142 asperius
466 2077 553 2123 dictum
561 2077 599 2122 hic
608 2078 707 2123 videtur.
718 2085 772 2131 tum,
783 2076 869 2121 deinde
876 2079 969 2122 Servius
976 2079 1149 2138 interpretatur.
1161 2078 1207 2120 Aut
1214 2077 1311 2137 junges,

266 2156 355 2200 Attum
365 2153 455 2212 juvenis
468 2157 543 2210 stupet
554 2151 576 2192 r'n
591 2151 679 2204 Turno,
697 2152 864 2212 mirutusjussu
875 2151 983 2209 superlu,
1000 2149 1097 2194 discessu
1109 2144 1254 2192 Rutulorum.
1267 2148 1313 2191 Va-

265 2227 333 2272 riavit
343 2221 431 2266 scilicet
440 2222 568 2265 orationem
579 2235 622 2280 pro
632 2219 721 2280 vulgari
732 2235 737 2264 τ
750 2221 832 2280 partim
845 2219 983 2265 Rutulorum
996 2220 1133 2274 discessum,
1150 2223 1235 2281 partim
1247 2232 1312 2262 caua-

266 2309 311 2340 tam
323 2292 443 2343 discessus,
449 2290 547 2350 jubente
556 2291 644 2334 Turno.
655 2293 758 2334 miratus.
769 2291 828 2334 dictu
838 2290 934 2353 superba
944 2291 1064 2352 Olrlongus
1071 2290 1139 2334 Pierii
1150 2301 1173 2334 et
1183 2305 1219 2350 pr.
1231 2288 1313 2333 Huntb'
1355 2296 1356 2354 4

265 2388 296 2399 -
308 2361 359 2417 446.
372 2363 472 2404 Miratur
482 2360 545 2404 Rom.
559 2357 631 2404 etalii
642 2361 701 2404 Pier.
713 2374 735 2404 et
745 2361 835 2414 Burni,
848 2376 874 2405 ac
887 2361 935 2404 bini
949 2360 1017 2404 Goth.
1027 2384 1058 2394 —
1071 2357 1123 2418 443.
1136 2355 1230 2402 tuubor
1238 2359 1312 2416 Bigot.

264 2458 296 2468 --
305 2431 350 2487 450
368 2431 435 2475 estin
448 2430 493 2474 line
504 2430 568 2474 abest
578 2429 652 2474 tribus
664 2432 741 2474 llurm.
755 2456 784 2465 -
796 2430 849 2486 451.
861 2432 938 2476 Fatus.
952 2429 1014 2475 Alius
1026 2429 1120 2491 adjicit,
1133 2427 1180 2472 luec
1187 2428 1263 2490 jutus.
1276 2429 1312 2481 Ju¹
1355 2417 1356 2428 ¹

265 2501 386 2546 Schrader.
399 2501 461 2562 conj.
473 2501 543 2544 Faus.
553 2503 661 2561 processit
672 2501 764 2560 lllcnsg.
772 2517 810 2562 pr.
822 2513 845 2546 et
858 2501 937 2546 llamb.
952 2517 987 2563 pr.
1002 2516 1054 2544 curn
1067 2497 1135 2543 Goth.
1148 2513 1194 2542 sec.
1211 2523 1244 2532 —
1261 2496 1313 2552 453.
1355 2547 1356 2550 Ἴ

265 2569 368 2616 Dissiluit
377 2569 466 2632 aliquot
476 2571 553 2613 Burm.
564 2568 672 2614 Subslluit
683 2572 736 2616 Ere.
748 2573 862 2632 ejusdcm.
878 2597 909 2607 -
920 2571 973 2627 454,
984 2573 1050 2634 Itque
1062 2567 1130 2615 Goth.
1142 2583 1189 2613 sec.

265 2720 380 2772 campo,
396 2721 449 2770 quo
462 2704 512 2772 ipsi
523 2703 589 2770 jussi
602 2716 677 2754 erant
688 2703 767 2756 cedo·
811 2704 927 2756 ferenda
940 2723 989 2772 par
1006 2715 1059 2754 est:
1073 2703 1094 2752 is
1105 2714 1143 2752 est
1155 2711 1249 2770 pater,
1268 2702 1313 2770 qui

265 2802 303 2835 re.
317 2803 340 2832 v.
351 2784 413 2832 Var.
424 2783 496 2832 lect.
508 2781 558 2846 445
571 2799 627 2850 sqq.
641 2782 766 2834 Pallantis
812 2797 952 2854 utrumque
963 2785 1111 2845 fortunam,
1124 2791 1150 2831 et
1160 2781 1278 2830 victoriae
1288 2793 1314 2832 et

264 2876 405 2936 personam
417 2863 520 2932 egregie
531 2863 612 2911 tuitus
624 2875 661 2912 est
671 2875 764 2931 poeta:
810 2867 902 2915 mortis
918 2863 1057 2933 gloriosae,
1074 2878 1150 2931 aequo
1168 2862 1259 2912 animo
1276 2863 1314 2911 fe-

263 2943 379 3006 immota
382 2943 473 3010 juveni
490 2958 563 2990 meus
577 2941 606 2989 in
620 2952 693 2990 tanto
710 2939 766 2990 dis·
811 2956 866 3004 rat,
880 2955 908 2992 ut
920 2943 975 2994 fere
985 2943 1056 2995 Serv.
1069 2942 1187 3010 Respicit
1199 2942 1270 2991 enim
1281 2940 1314 2992 ad

265 3023 374 3074 crimine
396 3033 446 3071 etc.
463 3049 493 3057 —-
509 3019 568 3087 447.
588 3019 677 3069 omnia
699 3018 764 3070 dixit
810 3022 891 3074 verba
905 3021 988 3072 Turni
1005 3039 1042 3071 vs.
1059 3019 1110 3084 443
1125 3036 1248 3087 cuperem
1264 3021 1314 3089 ipse

266 3119 333 3173 pro,
352 3110 434 3151 totum
446 3099 574 3150 Turnum.
587 3127 622 3136 -
634 3099 693 3167 449.
706 3099 765 3163 450.
812 3099 1179 3170 pareusEumderades-:es-
1191 3098 1254 3161 453.
1265 3101 1314 3150 De·

269 3181 388 3231 ornatius
406 3195 485 3246 quam
503 3179 672 3228 Homericum
691 3176 765 3228 lliud·
813 3177 901 3241 siluit,
916 3191 944 3227 ut
957 3196 1006 3246 par
1017 3178 1074 3244 pari
1087 3174 1313 3243 congrederetur:

265 3276 299 3325 χ,
320 3257 369 3308 253
391 3253 465 3318 ἕλοιμί
479 3275 513 3303 κει
538 3256 549 3306 i
569 3275 604 3307 rur
621 3257 697 3306 insitu
719 3255 766 3324 (h.
812 3259 849 3308 ita
862 3259 930 3306 enim
943 3255 1056 3305 heroicas
1074 3255 1132 3302 vitoe
1149 3252 1191 3302 lex
1208 3257 1315 3307 fert.-

267 3334 366 3404 u'ap'm).
383 3335 542 3386 Sententiam
562 3333 624 3384 alibi
636 3337 705 3384 inter
721 3352 767 3383 va·
812 3334 871 3400 454.
881 3331 1099 3402 comparationes
1110 3329 1313 3386 aleonesut'nta

265 3415 344 3466 riavit
360 3413 506 3462 Homerus:
524 3413 594 3470 Loca
610 3411 767 3462 Cerdacol-
811 3411 899 3462 multe
920 3411 1017 3460 similes
1040 3422 1099 3461 sunt
1119 3411 1192 3480 apud
1215 3415 1315 3468 llonte·

265 3494 336 3563 legit.
349 3491 500 3543 Macrobius
512 3490 558 3541 lib.
574 3492 622 3553 Vl,
636 3507 663 3551 t,
675 3509 702 3558 p.
714 3490 765 3557 579
812 3491 922 3542 ronnei
941 3491 993 3540 inf.
1011 3490 1083 3541 adv.
1102 3507 1169 3560 729,
1185 3505 1210 3544 et
1226 3493 1314 3547 Gerda

264 3571 308 3625 ed.
325 3571 395 3639 Lips.
414 3589 444 3619 ex
458 3571 522 3618 Attii
539 3570 678 3619 Armorum
693 3568 766 3636 judi·
810 3570 845 3622 ad
864 3570 891 3621 lt.
912 3570 948 3630 l.;
967 3569 1014 3620 sed
1034 3589 1131 3622 novum
1153 3573 1180 3622 in
1199 3574 1313 3628 Marone

265 3651 307 3702 cio
316 3647 423 3698 ductum
432 3665 489 3697 esse
496 3664 597 3697 versum
607 3645 683 3695 dixit:
693 3646 764 3698 Num
809 3649 874 3713 hoc,
886 3649 958 3719 quod
971 3669 986 3699 a
996 3648 1101 3721 specula
1111 3648 1136 3700 h.
1148 3655 1247 3703 montis
1257 3673 1315 3707 ver.

265 3741 391 3798 tropaeum
400 3726 474 3794 ferre
483 3743 524 3774 me
535 3745 551 3774 α
559 3725 629 3793 sorti
639 3725 693 3776 vt'ro
701 3724 765 3796 petl—
809 3733 874 3792 tice,
887 3732 912 3778 ἐκ
923 3730 1035 3792 ouantis,
1045 3731 1188 3799 prospicit,
1201 3743 1227 3780 et
1238 3731 1313 3801 quod

263 3803 541 3863 cummesnsiauum
552 3816 578 3854 et
589 3805 765 3870 uincar‚vt'rrci
809 3823 917 3871 taurum
926 3809 998 3860 sudet
1016 3810 1184 3860 meditantem
1201 3809 1229 3861 iu
1244 3829 1312 3881 proe·

266 3908 283 3939 a
296 3884 344 3937 tali
353 3883 505 3939 nullumcst
514 3886 646 3956 probrum.
659 3889 761 3953 -ν45ο,
808 3887 843 3940 lia
861 3888 905 3958 (lt.
925 3895 1106 3952 exercentem,
1124 3899 1262 3957 parantem
1282 3907 1310 3939 ss

266 3966 336 4040 §orti
353 3976 431 4037 pater
451 3982 540 4036 aquus
562 3965 686 4037 utrique,
705 3966 762 4020 scil.
807 3969 843 4022 ad
854 3986 1024 4041 pugnatun.
1043 3987 1066 4020 c.
1086 3967 1236 4039 spargendo
1249 3985 1310 4020 ara·
