2690 4598
357 325 592 392 AENEIDOS
614 326 768 394 LIBER
790 328 852 397 IX.

15 497 16 528 ,
86 451 263 518 Missilibus
275 465 412 517 certant.

85 563 175 626 Parte
186 559 251 624 alia
262 558 450 627 horrendus
462 556 535 624 visu
548 558 721 648 quassabat
733 561 905 625 Etruscam

85 669 215 745 Pinum,
230 681 264 732 et
274 667 448 731 fumiferos
462 665 562 730 infert
573 667 756 754 Mezentius
769 667 871 756 ignis,-

83 775 123 836 At
133 771 308 862 Messapus
321 795 445 862 equum
458 771 617 852 domitor,
631 774 796 860 Neptunia
807 773 954 862 proles,..

84 877 253 944 Rescindis
263 879 401 960 vallum,
415 894 448 943 et
459 879 561 944 scalas
574 879 609 942 in
620 879 741 942 moenia
752 880 868 967 poscit.

125 987 209 1063 Vos,
223 1007 244 1049 o
257 985 418 1073 Calliope,
431 1007 563 1072 precor,
576 982 741 1071 adspirate
753 985 899 1063 canenti3

83 1091 171 1172 Quas
184 1089 233 1153 ibi
245 1107 325 1155 tunc
337 1091 425 1155 ferro
438 1105 576 1178 strages,
592 1111 665 1178 quae
678 1089 796 1154 funera
807 1091 941 1154 Turnus

86 1194 255 1260 Ediderit:
269 1218 370 1284 quem
383 1195 524 1284 quisque
535 1194 645 1258 virum
660 1192 830 1260 demiserit
840 1195 943 1276 Orco;

85 1302 126 1366 Et
138 1323 271 1366 mecum
283 1301 426 1391 ingentis
438 1321 512 1366 oras
525 1300 667 1366 evolvite
678 1298 774 1366 belli:

114 1463 167 1508 ⁵20.
181 1469 322 1509 tentusstsee.
335 1461 459 1519 Bottend.,
471 1475 519 1508 tum
532 1463 600 1509 Leid.
613 1462 722 1528 supplet:
731 1464 806 1510 densas
816 1477 869 1509 eom
877 1476 970 1526 corpore
980 1470 1070 1510 toto-
1078 1461 1131 1509 521,

11 1563 12 1580 .
86 1530 221 1578 mudum
229 1536 279 1578 visu
288 1533 336 1579 Est.
346 1560 378 1570 -
390 1533 442 1590 5²4.
456 1534 603 1581 Transcendit
611 1551 633 1579 υ.
643 1533 713 1580 codd.
724 1534 850 1581 admodum
860 1535 945 1581 'vetusti
955 1550 993 1597 ap.
1004 1535 1063 1580 Pier.
1073 1549 1134 1597 prrs-

11 1627 12 1632 =
84 1601 165 1646 scindit
180 1617 216 1663 pr.
229 1601 313 1648 Moret.
327 1615 350 1649 et
361 1619 373 1649 a
386 1619 416 1648 m.
428 1619 464 1666 pr.
477 1605 537 1650 Men.
554 1602 601 1649 Sed
611 1604 727 1650 resendii
738 1616 814 1661 recte,
829 1615 936 1665 utsupra
947 1602 1065 1650 vellebant
1080 1602 1134 1650 vals·

10 1690 12 1696 ·
85 1668 126 1717 los.
138 1671 172 1715 ud
183 1674 266 1716 moenia
275 1671 385 1718 nonnulli
396 1675 476 1720 lleins.
489 1686 513 1720 et
523 1675 603 1720 Burm.
615 1690 669 1720 cum
680 1689 726 1720 sec.
737 1675 806 1720 Goth.
818 1700 850 1710 —
863 1674 916 1720 525.
927 1673 1057 1720 Heumann.
1069 1673 1133 1736 conj.

87 1743 144 1798 Vos,
156 1758 171 1787 o
183 1741 302 1804 Calliope,
319 1746 418 1806 graviter
429 1745 460 1791 ob
473 1745 500 1792 id
509 1744 622 1807 vapulans
633 1746 775 1792 Burmanno.
794 1746 859 1792 ldem
872 1756 990 1792 enotatum
1002 1761 1032 1792 er
1040 1745 1088 1791 nt.
1101 1771 1133 1782 -

83 1812 134 1857 526.
148 1821 202 1858 tune
212 1814 292 1860 Heius.
305 1830 319 1860 e
330 1815 416 1861 Medic.
429 1828 452 1862 et
465 1814 495 1860 al.
507 1814 585 1878 Vulgo
590 1849 599 1871 ,
613 1823 675 1870 tum,·
685 1815 725 1862 alii
737 1816 867 1880 rumfem
875 1824 923 1862 tum
932 1814 1028 1861 Dorvill.
1038 1839 1070 1851 -
1079 1817 1132 1877 527.

84 1883 200 1929 Dbnsserit
218 1883 287 1930 multi
305 1898 329 1932 et
346 1885 385 1931 hic
404 1903 441 1949 ap.
460 1887 539 1933 But-m.
550 1911 582 1922 -
594 1885 647 1932 snt.
667 1885 734 1933 iteras
745 1899 792 1934 tres
803 1903 841 1948 ap.
853 1888 947 1942 burm,
961 1897 985 1932 et
997 1884 1066 1931 Goth.
1078 1895 1132 1931 tert.

85 1951 175 2010 lemos,
196 1955 262 2018 quod
279 1955 349 2002 nihili
369 1970 416 2014 est;
430 1960 598 2020 interpretatur
615 1967 693 2003 tamen
705 1955 771 2004 boras
783 1959 853 2003 etiam
869 1955 917 2002 Jul.
936 1955 1046 2011 Sabinus,
1060 1966 1087 2000 ut
1105 1957 1134 2000 sit

83 2037 187 2089 tempus,
201 2041 250 2089 qim
268 2027 382 2074 bellatum
397 2039 443 2084 est3
457 2030 499 2076 sed
510 2030 571 2075 Ven.
584 2042 697 2074 caussas:
710 2030 746 2073 nti
758 2029 827 2074 etiam
838 2029 863 2073 in
873 2028 980 2072 Enniano
991 2040 1059 2072 versu
1071 2025 1133 2084 (vid.

83 2095 149 2155 Not.)
161 2095 275 2142 exhibent
283 2097 403 2144 Diomedis
412 2111 436 2144 et
445 2097 587 2157 Quintiliani
594 2095 650 2143 libri
660 2098 707 2153 vt,
720 2096 748 2153 3,
761 2096 790 2144 86
796 2130 805 2153 ,
819 2095 882 2144 male
891 2098 982 2158 utiqne.
993 2093 1042 2141 Nee
1051 2093 1134 2140 melius

84 2162 122 2209 alii
136 2167 201 2228 conj.
214 2168 268 2211 rius.
286 2181 366 2224 sumu
384 2183 438 2215 nem
449 2185 502 2216 orus
517 2170 649 2214 Enniam
661 2179 703 2214 est.
715 2168 776 2214 'l'nm
787 2171 876 2214 evertite
887 2167 980 2228 Menag.
992 2181 1028 2229 pr.
1040 2162 1136 2211 exousia

85 2233 142 2283 alter
162 2236 260 2294 namn,
281 2237 372 2285 frustra.
392 2239 433 2288 vid
450 2229 514 2287 laud.
533 2238 563 2284 ab
581 2239 659 2285 Burm.
674 2238 794 2286 Bar-thium
807 2239 838 2286 ad
849 2241 905 2286 Stat.
917 2237 1013 2285 l'l'heb.
1027 2251 1053 2294 ²3
1071 2235 1133 2283 adde

84 2373 131 2423 ταῖς
144 2381 241 2434 pugne
254 2374 329 2415 teste
336 2367 483 2436 opponitur
494 2382 585 2436 pugna
634 2361 694 2434 527.
707 2361 769 2415 'sid
785 2363 898 2435 epulando
914 2365 973 2435 quis
991 2361 1095 2415 nescit?
1107 2359 1136 2413 Si

84 2440 297 2509 apertu-521.
308 2442 390 2513 pinus
398 2443 473 2495 nulla
484 2442 585 2495 aliaest
633 2444 715 2498 modo
731 2465 824 2499 verum
837 2458 890 2512 est,
908 2443 998 2497 inissent
1010 2461 1067 2496 esse
1079 2444 1135 2493 Ηο-

84 2537 166 2590 quam
178 2522 292 2589 ardens,
306 2541 362 2594 quse
371 2542 422 2595 pro
433 2526 494 2576 face
507 2534 583 2576 esset.
633 2543 708 2577 mero
722 2521 832 2592 πίμπιιν.
844 2555 879 2566 —-
892 2521 951 2578 528.
969 2525 1068 2577 Versus
1081 2524 1136 2574 En-

117 2599 171 2652 525
190 2620 266 2674 seqq.
287 2604 416 2656 Praeclara
430 2604 488 2656 haee
500 2625 505 2655 t
519 2603 586 2656 facit
633 2607 730 2657 nianus
742 2605 818 2658 ele
830 2604 926 2657 Annal.
937 2615 1003 2657 teste
1012 2603 1133 2656 Macrob.

84 2679 436 2734 enimMusaruminvocatio
441 2683 586 2754 plurimum
633 2684 684 2750 Vl,
700 2700 726 2752 t,
740 2698 766 2736 et
775 2681 883 2736 Servio:
900 2683 953 2753 Qui
960 2683 1029 2754 potis
1043 2681 1136 2752 inquit·
1159 2717 1160 2722 ,

86 2757 119 2809 ad
140 2759 337 2813 convertendos
357 2763 459 2814 animos
478 2763 506 2814 in
519 2763 588 2814 Tur·
636 2763 668 2814 tis
680 2781 737 2814 oras
748 2761 864 2816 evolvere
878 2759 960 2814 hetti?
974 2759 1074 2814 ethius
1091 2778 1135 2813 ex-

84 2839 587 2913 num,quinunorebusgestiseratil·
634 2841 810 2914 plicandum=
830 2859 881 2894 oroe
909 2839 1033 2892 sidentur
1058 2837 1136 2890 diotae

85 2915 239 2970 lustrandas
250 2941 257 2970 ι
268 2919 349 2971 modo
360 2939 416 2972 non
428 2939 459 2974 ex
469 2921 585 2974 Homero
635 2922 724 2994 simpl.
740 2941 791 2994 pro
807 2921 943 2994 partibus,
957 2930 987 2970 ut
997 2916 1083 2990 fines,
1102 2917 1137 2972 de

85 2999 589 3056 omnianimismanifesteessenttrans·
637 3015 694 3054 toto
706 3003 782 3068 loco,
797 3003 893 3073 spatio.
906 2996 1005 3050 bellum
1019 3012 1057 3050 est
1066 3017 1137 3071 pag,-

84 3076 153 3142 lata3
172 3097 188 3131 a
211 3096 266 3148 quo
288 3091 377 3132 tamen
399 3082 507 3132 omnino
525 3080 588 3133 dili·
636 3099 686 3145 ns,
704 3099 762 3151 quas
780 3077 916 3152 quomodo
929 3075 1051 3128 omnibus
1070 3077 1137 3130 locis

85 3157 188 3227 gentius
202 3169 324 3208 curatum
337 3170 390 3224 est,
402 3171 446 3224 ut,
459 3177 517 3231 que
528 3179 589 3211 nar·
636 3177 686 3230 per
695 3171 779 3212 totam
791 3157 958 3210 aciemfaota
966 3156 1013 3220 sit,
1027 3157 1085 3227 quis
1094 3176 1138 3209 en·

85 3237 167 3300 ravit,
180 3253 236 3287 non
249 3255 281 3288 ex
292 3250 378 3307 poetae
385 3239 507 3310 ingenio,
515 3239 564 3291 sed
572 3259 589 3292 a
636 3254 738 3309 ponere
750 3236 851 3308 possiti
866 3229 989 3303 'appetiti
1001 3229 1063 3300 alp·
1074 3237 1138 3288 sed-

86 3327 174 3368 vetere
196 3315 270 3368 lama
287 3317 410 3386 profecta
431 3335 487 3370 esse
510 3317 588 3370 vide·
637 3336 683 3378 ss,
707 3309 762 3368 &sit
781 3312 823 3378 tis,
846 3308 916 3365 πέντ’
938 3313 1062 3382 dyspuiw
1086 3327 1136 3367 etc.

85 3407 187 3460 rentur,
193 3413 276 3466 quam
283 3397 365 3450 Musae
374 3397 588 3469 suppeditarent.
639 3393 733 3465 (Iliad.
741 3413 775 3460 μ,
792 3393 864 3464 176).
876 3390 1059 3461 Adiectum,
1071 3391 1139 3446 evol·

84 3475 114 3524 ln
128 3474 242 3546 Virgilio
261 3488 356 3529 contra
368 3478 447 3529 nimis
459 3479 588 3532 manifes.
637 3492 711 3538 vere,
721 3471 824 3538 verbis,
833 3473 860 3523 in
868 3471 985 3523 animum
994 3472 1139 3524 revocabat

85 3565 141 3604 tum
161 3566 215 3619 est,
235 3573 268 3606 ex
284 3558 392 3626 poetico
412 3556 524 3610 artificio
543 3570 589 3610 snt
637 3552 764 3606 Tus-nebo
776 3569 835 3602 oras
845 3551 956 3603 vestium
968 3569 974 3600 :
988 3548 1061 3622 quod
1071 3551 1139 3604 alie·

83 3633 203 3685 formula
214 3637 323 3705 poetica
337 3635 394 3688 haec
410 3654 467 3688 esse
479 3638 587 3690 inserta.
638 3649 703 3682 num
726 3641 775 3683 est·
796 3629 876 3701 Apud
892 3630 999 3680 Homer·
1015 3628 1137 3695 111811,

86 3713 156 3777 Vos,
173 3730 189 3763 o
203 3710 330 3784 Calliope.
347 3715 476 3786 Exempla
487 3715 588 3768 snalla·
637 3711 685 3781 371
705 3706 808 3779 γιφύμς
827 3705 934 3774 nosipsi·
946 3727 995 3780 per
1006 3725 1063 3761 oras
1074 3708 1138 3761 illu-

83 3811 140 3863 ges,
148 3809 196 3844 seu
203 3792 353 3864 syllepsios,
361 3793 415 3845 vid.
424 3813 466 3865 ap.
474 3795 589 3848 Cerdam
637 3803 736 3855 strant,
746 3807 886 3860 perperam
896 3789 987 3858 utique
993 3809 1001 3852 ;
1013 3806 1076 3840 nam
1085 3787 1137 3839 illae

84 3883 112 3922 et
125 3870 208 3934 alios,
227 3885 257 3923 ut
275 3875 540 3948 nuperinHeusing.
553 3875 589 3929 ad
638 3883 700 3923 sunt
718 3869 886 3922 intervallum
907 3869 976 3930 inter
996 3879 1137 3937 utramque

84 3949 143 4001 off.
156 3951 211 4002 Cic.
226 3952 342 4022 praef.'p.
358 3952 400 4023 37.
639 3953 737 4017 aciem,
750 3967 802 4021 qua
816 3962 892 4020 parte
905 3959 1136 4018 propugnatores,

123 4026 183 4081 525.
205 4028 267 4082 vid.
286 4031 362 4084 lliad.
380 4033 410 4100 ξ,
430 4031 481 4088 508
499 4050 540 4106 sq.
553 4061 590 4076 --
638 4027 1016 4106 epipexos,prodeunt,seque
1023 4023 1136 4080 invicem
