2690 4596
233 254 297 332 426
562 254 773 322 MAPHAEl
797 253 944 318 VEGll

231 376 421 459 Defessum,
436 397 469 446 et
480 380 587 445 varios
599 380 777 467 agitantem
789 391 924 465 pectore
935 375 1037 442 casus‘

231 481 442 569 Complerant
454 508 461 548 ε
475 487 534 575 qui
544 503 721 574 postquam
732 484 816 548 altos
828 481 1038 548 crebrescere
1052 497 1208 573 questus,
1242 497 1283 545 rs·

231 585 273 650 Et
285 589 436 655 Turnum
449 592 575 680 ingenti
587 592 779 656 confossum
790 590 929 654 vulnere
940 587 1039 670 vidit,
1082 587 1086 594 ’

231 693 330 758 Haud
343 699 449 762 tenuit
461 699 627 777 lacrimam
640 695 762 762 dehinc
774 712 929 762 moestum
941 695 1063 760 leniter
1074 711 1200 785 agmen

231 800 412 890 Corripuit,
426 804 578 870 manibus
590 803 767 892 verbisque
779 802 909 867 silentia
922 821 1062 889 ponens.

231 905 301 970 Ceu
314 911 495 994 spumantis
507 911 578 998 apri
591 907 726 998 quando
738 909 936 996 perviscera
948 905 1066 972 dentes

230 1014 420 1082 Fulmineos
433 1019 522 1084 canis
535 1018 664 1105 excepit
675 1017 884 1105 prestantior
894 1016 986 1080 o'rnni

229 1119 279 1182 Ex
290 1145 444 1204 numero,
458 1142 537 1190 tunc
550 1125 694 1188 infausto
706 1123 880 1211 perterrita
892 1143 971 1208 casu

230 1226 347 1292 Cetera
359 1231 455 1296 turha
467 1232 551 1318 fugit
563 1231 753 1309 latrantum,
767 1246 867 1317 atque
880 1249 938 1292 ore
950 1227 1150 1314 magistrum

230 1331 451 1402 Circumstaus
466 1337 607 1426 querulo
619 1333 756 1425 pavitat,
770 1355 958 1423 magnoque
971 1332 1102 1396 ululatu

230 1438 398 1521 Infremit;
410 1459 443 1506 at
454 1459 620 1508 commota
631 1463 747 1521 manu,
762 1439 957 1528 dominique
966 1436 1117 1528 jubentis

230 1542 297 1608 Ore
309 1545 397 1624 silet,
412 1549 638 1637 gemitumque
651 1549 786 1636 premit,
799 1567 939 1634 seseque
952 1561 1095 1609 coercet.

230 1648 334 1713 Haud¹
340 1651 434 1716 aliter
446 1655 559 1718 Rutuli
571 1673 747 1742 suppressa
758 1675 841 1718 voce
853 1666 1049 1741 queruntur.

274 1756 371 1821 Tunc
382 1759 429 1824 sic
441 1758 637 1826 illacrimans
650 1763 719 1824 Rex
730 1760 797 1824 alto
810 1756 911 1823 corde
925 1757 1063 1822 Latinus

229 1861 338 1928 Verba
351 1849 467 1932 dabat:
486 1896 498 1926 ιι
512 1865 660 1950 Quantos
671 1865 817 1930 humana
829 1863 961 1950 negotia
973 1878 1101 1941 motus,

229 1970 447 2061 Alternasque
460 1973 548 2038 vices
559 1973 713 2037 miscent!
728 1995 795 2061 quo
808 1968 941 2034 turbine
953 1969 1060 2032 fertur

231 2118 362 2192 lapidibus
370 2145 379 2183 ,·
393 2122 442 2174 sed
456 2123 501 2186 hic
514 2124 666 2174 accusativo
677 2123 782 2192 junxit,
800 2133 825 2172 et
840 2137 937 2191 parurn
948 2118 1066 2190 poetice.
1077 2147 1114 2156 —-
1129 2119 1191 2172 133.
1203 2122 1286 2172 muni·

232 2200 277 2252 bus
294 2203 426 2275 verbisque
436 2201 543 2256 silentia
554 2221 663 2274 ponens.
676 2204 727 2254 Vix
738 2202 834 2267 latine,
847 2219 911 2271 pro,
922 2200 1061 2280 imponere
1074 2197 1186 2254 silentia
1197 2201 1284 2254 turber.

230 2279 291 2328 Non
303 2281 340 2331 sic
351 2281 456 2351 Jupiter
467 2283 494 2332 in
507 2281 604 2332 Ouidio
614 2319 623 2346 ,
635 2280 814 2352 Metamorph,
825 2279 871 2332 lib.
885 2281 913 2343 1,
928 2276 996 2342 205,
1011 2277 1060 2349 qui
1070 2288 1218 2350 postquam
1229 2297 1284 2332 uoce

231 2373 366 2427 manuque
378 2375 515 2408 murmura
530 2356 693 2430 compressit,
712 2371 816 2410 tenuere
827 2356 933 2422 silentia
944 2356 1043 2411 curasti.
1054 2357 1119 2421 Non
1130 2359 1170 2408 sic
1183 2360 1283 2410 Persius
1331 2397 1332 2414 t

230 2433 257 2482 in
276 2431 369 2506 Satyra
384 2436 436 2500 IV,
454 2434 487 2486 de
499 2435 630 2501 Oratore,
650 2438 696 2507 qui
713 2435 806 2488 cattdoe
826 2435 907 2488 turbu
924 2433 1030 2486 silentia
1040 2431 1133 2502 facit,
1151 2439 1283 2505 majestate

230 2515 440 2581 manus—134.
452 2515 503 2565 Ceu
513 2516 669 2586 spumantis,
682 2528 732 2568 etc.
742 2515 815 2584 Quid
827 2515 910 2566 faciat
922 2513 957 2566 ad
969 2533 1026 2580 rem
1035 2518 1209 2583 comparatio
1222 2515 1283 2580 hae,

229 2598 363 2646 nonsatis
380 2594 489 2666 quidem
503 2595 591 2649 rideo.
607 2599 755 2650 Luxuriant
765 2599 889 2649 nimirum
906 2597 934 2648 in
951 2594 1105 2648 istiusmodi
1118 2599 1282 2648 ornamentis

230 2688 317 2744 poetae
327 2676 462 2750 vulgares,
476 2680 522 2750 qui
533 2697 622 2732 rerum
634 2692 778 2750 egestatem
791 2679 864 2742 inani
876 2677 1020 2736 verborum
1031 2690 1169 2746 apparatu
1182 2688 1283 2730 tentant

230 2753 406 2810 dissimulare.
416 2789 449 2796 -
462 2759 519 2826 134.
535 2760 638 2832 excepit
643 2778 693 2832 per
707 2759 802 2824 viscera
812 2759 900 2810 dentes
907 2755 1065 2828 fulmineos.
1073 2756 1105 2808 ld
1118 2770 1174 2822 est,
1188 2759 1217 2810 in
1229 2777 1284 2810 mo·

231 2855 287 2888 rem
303 2838 422 2891 fulminis
438 2853 590 2904 contortos3
606 2841 754 2912 spumantis
763 2839 865 2913 scilicet
886 2835 984 2903 cursu,
1002 2837 1110 2896 feritate
1130 2850 1158 2890 et
1175 2840 1283 2892 furore:

223 2921 296 2968 'tunc
304 2929 396 2972 coetera
412 2921 486 2972 turba
496 2919 651 2981 latrantem,
663 2933 759 2992 nempe
771 2938 881 2984 cauum,
892 2914 1107 2989 perterritaeasts
1118 2918 1196 2970 canis
1207 2935 1285 2989 praes·

231 2997 388 3066 tortissimi,
399 3002 445 3071 qui
458 3001 492 3054 ab
503 3019 570 3072 apro
583 3003 704 3066 occisus,
717 3014 746 3052 ut
755 2999 916 3055 Rutulorum
931 2997 985 3051 dux
995 2997 1032 3048 ab
1040 2998 1129 3058 AEnea
1139 2999 1285 3052 cecidit.—

235 3077 292 3146 137.
306 3077 394 3152 sapit,
411 3092 491 3152 atque
498 3081 604 3152 pavitat
621 3082 791 3142 resumemus
809 3097 852 3132 ore
869 3073 981 3150 querulo
998 3078 1175 3150 magistrum
1189 3079 1285 3142 idest,

231 3163 371 3228 querenti,
386 3174 412 3214 et
428 3161 584 3214 lamentanti
601 3161 714 3212 similis:
729 3161 902 3232 maqistrum,
919 3157 1024 3218 scilicet
1033 3172 1208 3212 venatorem.

271 3237 328 3306 143.
345 3241 461 3311 Quantos
467 3280 476 3306 ,
486 3241 515 3292 id
525 3253 578 3307 est,
588 3260 605 3291 o
618 3259 699 3311 quam
709 3259 820 3313 magnos
830 3251 933 3303 motus,
943 3251 970 3288 et
980 3255 1062 3308 quam
1072 3237 1194 3291 alternas
1202 3241 1287 3303 vices,

231 3320 428 3375 vicissitudines
440 3324 549 3394 negotia
560 3321 679 3386 humana
691 3324 803 3379 miscent
809 3357 822 3385 ,.
831 3320 909 3390 quasi
919 3317 992 3372 dicat
1000 3331 1091 3376 motus
1103 3322 1253 3384 maximos,
1263 3331 1287 3372 et
1326 3349 1332 3384 t

230 3399 344 3464 maxime
361 3401 477 3454 alternas
493 3402 573 3454 vices.
585 3401 618 3452 Α.
631 3429 665 3462 -7
683 3399 811 3472 14119111
828 3398 932 3461 turbine
940 3399 1033 3468 fertur
1048 3397 1117 3451 Vtra
1135 3397 1285 3452 bominum.

231 3473 321 3540 Quam
332 3480 419 3548 varia,
432 3499 513 3550 quam
523 3478 617 3550 rapida
626 3480 759 3550 ‚vertigine
772 3495 890 3550 praeceps
899 3475 1035 3546 abripitur
1046 3476 1209 3536 mortalium
1219 3480 1287 3539 vita,

231 3554 348 3606 vicissim
360 3561 514 3612 translatas
526 3578 633 3613 summa
639 3559 781 3624 felicitate,
793 3557 829 3613 ad
842 3573 972 3612 summum
986 3573 1072 3626 usqne
1081 3556 1286 3628 ,desperationis

233 3645 260 3686 et
271 3636 423 3693 infortunii!
440 3641 515 3692 Hanc
532 3641 695 3694 sententiam·
703 3639 826 3711 pluribus
841 3638 908 3692 locis
925 3636 1061 3696 illustrant
1075 3629 1285 3710 1113111111-

232 3713 329 3782 pientis
342 3720 392 3769 viri
403 3721 549 3786 Manassis,
563 3739 620 3790 quae
631 3739 717 3791 nuper
729 3719 814 3775 edidit
823 3721 863 3773 vir
874 3715 998 3781 eximius,
1008 3715 1174 3776 Boissanude
1181 3757 1191 3785 ‚
1201 3717 1254 3778 vol.
1264 3716 1286 3780 l,

232 3809 293 3873 pag·
308 3797 474 3866 3171113951
488 3802 608 3870 inprimis
621 3821 682 3872 pag.
695 3801 761 3867 344,
772 3800 819 3851 lib.
833 3800 884 3863 111,
895 3817 920 3848 v.
938 3813 947 3848 1
961 3812 983 3848 ι’

339 3891 377 3942 0¹3
388 3891 434 3959 74?
446 3915 469 3945 ‘³⁸
482 3894 573 3955 Weiss
584 3899 691 3959 θνητοῖς,
701 3899 715 3947 r‘
727 3894 751 3949 di
761 3892 842 3965 rpsxlr
853 3896 893 3951 riis
904 3890 993 3959 Τύχη-

339 3969 455 4034 Σνχώσε
467 3975 635 4042 mastdau‘pmr
648 3978 695 4031 dvo
706 3978 746 4028 111
758 3975 824 4030 dett
836 3973 902 4045 iim·

339 4046 472 4114 Σκὶμμωτιι
483 4058 523 4105 aut
533 4053 688 4122 tuoruum
698 4057 739 4110 rui
750 4054 827 4124 stru
833 4054 996 4125 attractus.
