2724 4600
323 303 326 310 »
364 273 599 342 nnarnos
622 275 775 342 nisan
796 277 838 342 x.
1079 282 1119 369 95

83 401 246 468 Sideream
258 399 293 465 in
305 385 435 480 sedem,
447 417 550 464 terras
562 397 651 464 uude
663 399 785 466 arduus
798 423 927 481 omues,

82 510 258 597 Castraque
270 506 499 571 Dardanidum
510 504 691 593 adspectat,
705 507 913 596 populosque
926 506 1069 574 Latinos.

83 610 267 676 Considunt
277 612 372 676 tectis
383 609 755 698 bipatentibus:incipit
766 611 853 697 ipse;
922 639 924 644 ¹
1109 627 1122 672 5

127 717 315 782 aCaelieolae
327 717 452 805 magni,
466 716 620 805 quianam
633 716 794 780 sententia
805 715 899 782 vobis

8 851 9 856 ¹
82 823 182 886 Versa
194 836 298 902 retro,
312 839 507 912 tantumque
519 822 636 886 animis
649 821 778 888 certatis
790 822 931 911 iniquis?

83 927 271 994 Abnueram
282 928 372 1004 bello
385 927 513 994 Italiam
524 947 721 993 concurrere
733 927 881 992 Teucris.

83 1088 143 1134 erob.
154 1089 202 1146 VI,
218 1103 237 1134 1.
250 1113 282 1124 -
293 1086 316 1144 d.
329 1096 416 1152 spectat
430 1100 477 1134 tres
493 1089 572 1134 Heius.
584 1103 638 1132 eum
653 1101 701 1132 uno
717 1088 843 1132 Burmanni
855 1102 860 1131 :
872 1089 948 1134 minus
960 1087 1037 1136 docte.
1048 1109 1070 1137 v.
1082 1093 1124 1137 inf.

83 1155 133 1214 llll,
144 1157 196 1205 136.
204 1185 236 1195 -
245 1159 265 1204 5.
272 1161 344 1222 portis
354 1158 375 1203 b.
386 1174 432 1204 tec.
439 1159 524 1204 Moret.
532 1157 592 1203 -6.
600 1160 654 1222 quia
663 1173 728 1212 nom,
738 1159 857 1220 antiquam
867 1173 961 1214 rocem,
969 1159 1081 1206 adstruxit
1090 1178 1127 1208 sa-

83 1229 110 1272 tis
120 1229 219 1274 Pierius.
233 1228 265 1274 el.
284 1243 335 1290 sup.
348 1229 378 1284 V,
394 1227 432 1285 13,
446 1230 488 1274 etsi
504 1243 553 1272 non
570 1229 639 1290 pauci
657 1226 763 1290 ejusdem
775 1237 798 1271 et
810 1241 846 1288 ap.
858 1227 950 1282 Burm,
964 1228 1014 1274 bini
1031 1245 1126 1295 quoque

8 1335 9 1362 ,
84 1297 181 1344 Gotbani
195 1313 249 1344 cum
260 1299 307 1343 Eri.
320 1315 425 1364 quoenam
440 1299 559 1348 exhibent.
579 1301 692 1362 quaevjam
707 1297 805 1344 Dorvill.
822 1314 836 1342 a
851 1313 887 1359 pr.
900 1314 931 1342 m.
943 1323 975 1334 -
985 1316 1007 1363 7.
1019 1309 1079 1348 retro
1093 1311 1128 1348 est

8 1385 9 1424 ,
85 1368 151 1414 Goth.
162 1385 210 1416 see.
222 1372 289 1415 annis
298 1387 334 1434 pr.
345 1374 452 1434 perstatis
461 1383 514 1417 tert.
526 1377 627 1416 certatur
635 1369 693 1421 alter
704 1371 797 1432 Menag.

8 1507 9 1518 ¹
86 1501 175 1553 oeulos
188 1503 296 1556 Maroni
305 1505 386 1556 fuisse
395 1503 536 1576 probabile
545 1501 582 1564 fii,
633 1503 688 1555 Δ-8
700 1520 758 1573 sqq.
767 1503 919 1574 Nusquam,
931 1504 953 1555 si
961 1503 1030 1557 bene
1039 1506 1130 1558 memi-

86 1581 205 1652 inpri'mis
227 1583 303 1634 iliad.
323 1586 350 1645 d,
369 1583 462 1650 1-4,
479 1583 527 1636 sed
546 1581 584 1632 ibi
632 1583 738 1648 nimus,
759 1595 839 1653 poeta
864 1587 1080 1638 commemoravit
1102 1588 1130 1638 iu

86 1660 152 1711 inter
166 1661 372 1716 deliberandum
382 1675 477 1734 potant
490 1662 540 1727 dii,
554 1679 585 1714 ex
633 1663 829 1733 superioribus,
840 1664 933 1726 Jovem
945 1664 1130 1729 interdixisse,

8 1743 10 1772 i
85 1742 234 1810 prise-orum
249 1741 388 1795 homiuum
403 1761 490 1808 more,
506 1741 582 1794 lliad.
631 1760 665 1796 ne
686 1742 725 1794 dii
743 1742 845 1796 bellum
866 1745 936 1795 inter
954 1743 1084 1814 Trojauos
1104 1758 1133 1797 et

8 1841 17 1887 t,
86 1819 117 1883 θ,
130 1837 144 1872 2
157 1833 185 1872 et
200 1819 242 1872 51.
257 1842 285 1882 v,
298 1822 315 1888 4
329 1839 387 1893 sqq.
400 1821 585 1894 omnipotentis
631 1821 739 1874 Latinos
751 1823 881 1874 foverent.
899 1823 956 1874 Neo
972 1835 1068 1892 preter
1078 1826 1133 1876 Ve-

8 1891 10 1900 ⁵
88 1897 213 1970 Οζγηψίι
224 1901 382 1954 insolentior
390 1902 482 1974 paullo
495 1915 584 1953 trans·-

8 2029 9 2036 ἶ
86 1976 585 2053 latioepithetiadiisadipsumOlym·

8 2107 9 2116 ,
85 2074 163 2126 pum
178 2060 330 2129 antiquiore
338 2062 582 2113 forteauotoritate.

86 2154 110 2188 v.
121 2137 185 2190 Ver.
198 2137 271 2190 Lect.
282 2168 318 2178 --
327 2139 351 2192 3.
366 2138 395 2194 tit
407 2135 498 2202 sitavit
515 2139 585 2190 dene·

86 2212 583 2288 pitneliomerieunnddreliquaconf.

86 2295 161 2348 Iliad.
175 2296 210 2358 ἃ,
227 2296 274 2363 51,
288 2297 331 2350 52.
341 2327 375 2338 -
385 2298 411 2352 5.
425 2300 497 2352 tectis
508 2299 584 2370 lipa-

8 2419 9 2440 ,
87 2374 205 2428 mutibus.
216 2374 243 2428 si
252 2387 348 2430 tectum
356 2377 474 2449 bipatens
482 2376 584 2442 andins,

8 2489 9 2512 t
87 2454 501 2528 teudemumbipetentem,non
509 2457 586 2509 aliter

8 2569 9 2580 t
88 2536 310 2606 aecipieef,quem
318 2537 587 2608 nteit,quodoban·

8 2629 13 2686 ξ
89 2613 140 2666 tica
156 2625 185 2666 et
198 2635 214 2665 a
229 2616 330 2686 postica
344 2626 420 2687 parte
430 2617 532 2668 aditum
543 2616 588 2666 lto·

8 2687 9 2690 Ἴ
89 2693 145 2758 bet,
166 2693 329 2765 templorum
347 2714 437 2762 more,
462 2715 519 2766 quae
539 2694 588 2749 resi

88 2770 279 2841 ι’μφιπρόπυλω
298 2774 432 2828 dicuntur.
453 2778 588 2828 Hactenus

8 2841 9 2872 ³
89 2868 143 2904 non
160 2852 232 2906 male
256 2853 292 2906 ad
310 2866 397 2906 ortum
418 2867 444 2908 et
465 2873 590 2908 oceasum

8 2947 9 2960 ³
91 2932 163 3010 apud
177 2931 250 2985 Serv.
268 2934 390 2986 refertur.
406 2935 588 3007 Perginidem:

8 3009 9 3016 ¹
94 3022 155 3064 nest
167 3023 259 3064 etitem
270 3029 356 3069 sermo
368 3013 504 3066 Ennianus
515 3037 526 3060 n
538 3015 590 3066 hoc

8 3085 10 3160 l
90 3087 172 3153 bene;
185 3089 234 3144 sed
243 3089 360 3162 reliqua,
373 3110 431 3162 quae
443 3093 590 3162 subjiciun-

8 3163 9 3186 ¹
91 3181 147 3234 tur,
159 3189 258 3242 parum
273 3185 335 3224 sunt
351 3175 501 3244 perspicua.
514 3173 592 3226 Scili-

632 1919 722 1951 nerem
730 1911 756 1951 et
767 1901 899 1952 Junonem
912 1900 957 1950 alii
965 1899 1002 1950 dii
1010 1919 1068 1951 eam
1075 1920 1132 1953 rem

632 1977 875 2030 curassevid'entur.
882 1979 954 2044 Quin
961 1980 1050 2048 potius
1057 1980 1135 2032 lovis:

632 2058 813 2129 verbaparum
822 2060 1040 2129 cauteproemisse
1047 2059 1133 2111 videri

633 2152 747 2212 possunt
762 2139 809 2192 lib.
820 2141 846 2204 l,
861 2139 911 2192 263
925 2136 1031 2190 Bellum
1042 2139 1136 2212 inpetis

631 2229 705 2292 peret
721 2217 803 2270 Italia
825 2231 876 2269 ete.
896 2219 952 2269 Nec
973 2217 1077 2270 Servius
1098 2219 1133 2272 ad

632 2299 660 2352 h.
674 2297 692 2348 l.
703 2315 758 2367 rem
771 2296 885 2368 expedit.
900 2298 997 2348 Refero
1009 2297 1094 2367 hunc,
1107 2311 1135 2351 et

633 2381 690 2430 iere
703 2381 793 2430 omnia
812 2378 886 2443 loca,
905 2379 933 2428 in
954 2367 1050 2448 quibus
1069 2380 1135 2432 deo-

634 2475 693 2508 rum
700 2459 863 2509 interventus
872 2457 1072 2529 exponitur(cf.
1083 2461 1135 2511 Ex·

635 2553 704 2588 curs.
718 2535 774 2588 lad
784 2536 830 2587 lib.
846 2536 912 2608 IX),
927 2537 998 2588 inter
1013 2556 1058 2602 ea,
1076 2557 1134 2609 quoe

635 2615 774 2668 AEneidem
790 2615 909 2667 nondum
927 2616 1076 2668 absolutam
1096 2637 1137 2670 ar·

636 2707 729 2766 gaunt.
750 2696 856 2760 Voluit,
879 2707 961 2766 puto,
983 2695 1039 2746 haeo
1064 2716 1135 2766 prae-
1195 2743 1197 2748 .

638 2787 753 2840 struere,
767 2788 797 2827 ut
809 2775 938 2838 debebat,
951 2777 979 2825 in
993 2778 1136 2846 superiori·

638 2853 749 2922 bus,.et
768 2855 879 2908 deorum
900 2853 1012 2904 consilia
1026 2857 1135 2906 omniuo

638 2945 816 3004 attemperare
828 2932 920 3004 paullo
931 2932 1083 3003 diligentius
1096 2953 1137 2987 re-

639 3009 689 3062 bus
702 3014 729 3062 in
739 3015 815 3064 Latio
826 3013 919 3082 gestis3
933 3011 979 3061 sed
988 3029 1058 3060 rnors
1070 3015 1138 3065 inci-

639 3089 679 3139 dit
695 3103 815 3142 conatue.
831 3093 936 3142 Interea
952 3103 1065 3158 possunt
1080 3092 1140 3145 haec·

639 3180 666 3220 et
683 3169 736 3220 alis
753 3169 837 3220 videri
856 3187 888 3222 ex
906 3187 938 3219 eo
954 3188 1064 3240 genere,
1079 3191 1138 3242 qum

90 3263 133 3304 eet
145 3249 192 3302 elii
204 3263 304 3303 tectum
315 3251 439 3322 bipatens
449 3270 506 3305 esse
516 3265 593 3323 pute·
640 3251 720 3300 tacite
739 3268 755 3300 a
774 3261 868 3322 poeta,
898 3261 1025 3320 tauquam
1038 3252 1138 3321 lacta,

8 3355 9 3414 q
91 3341 168 3395 runt,
182 3329 345 3401 quodbebet
352 3334 423 3385 iores
431 3333 500 3386 binis
507 3333 590 3387 vulvis
636 3329 705 3399 poni
721 3341 880 3399 potnerunt:
895 3329 1016 3400 adeoque
1032 3351 1073 3384 res
1086 3333 1138 3386 hoe

8 3417 9 3436 ³
91 3421 209 3480 apertas.
231 3409 274 3460 Ad
294 3429 319 3463 v.
338 3411 356 3462 6
375 3411 446 3463 idem
467 3411 590 3463 Servius:
640 3407 721 3460 modo
734 3407 900 3478 procedunt:
913 3411 983 3460 Juno
1000 3413 1077 3464 nimis
1092 3433 1141 3466 cu·

93 3490 262 3562 nquianam,
286 3509 347 3557 cur,
372 3511 454 3563 quere
474 3515 480 3542 r
508 3509 592 3544 sermo
642 3487 705 3560 pide
723 3490 825 3568 format
836 3489 939 3551 'l'urno;
953 3501 983 3540 ut
995 3491 1074 3542 etiam
1090 3494 1140 3544 Ju-

90 3572 245 3638 Enuienus,
258 3573 385 3645 quianam
397 3573 509 3646 lepiones
520 3575 595 3626 eudi-
642 3570 712 3640 piter
724 3567 874 3618 consultum
887 3567 1009 3636 duceret,
1027 3589 1139 3624 avocare
1192 3631 1197 3636 ,

8 3645 9 3648 “
91 3651 268 3723 messene?-
281 3671 363 3724 supra
372 3654 405 3718 V,
417 3654 595 3725 13Heuquia-
643 3667 702 3700 eem
713 3665 729 3698 e
738 3665 839 3718 pagum
853 3646 913 3700 vide
926 3665 1005 3722 supra
1013 3649 1139 3702 AEneidos

88 3749 157 3782 um
165 3731 595 3784 uaticinxeruntoethmnimbi?
643 3727 870 3794 librumlll,vers.
879 3727 929 3779 802
939 3741 1030 3799 etsqq.
1038 3729 1140 3782 Eadem

127 3811 154 3863 6.
164 3811 262 3866 Oratio
270 3813 343 3864 lovis
352 3814 496 3882 mejestatis
505 3813 594 3882 plene,
641 3808 755 3860 lunonis
768 3809 926 3878 impotentia
937 3821 1024 3860 motus
1036 3810 1140 3880 Jupiter

93 3891 155 3961 ipsa
171 3890 305 3944 brevitate
322 3903 349 3947 et
365 3893 479 3962 antique
497 3894 597 3944 oratio-
644 3887 787 3940 concilium
799 3886 910 3954 deornm
919 3889 1026 3953 indicit,
1039 3901 1068 3939 ut
1079 3889 1142 3940 deo-

92 3971 137 4024 nis
149 3969 255 4034 etudi03
267 3972 306 4024 eie
317 3989 389 4027 versa
402 3983 468 4023 retro
479 3990 530 4042 pro
539 3960 598 4023 mu‘·
645 3986 704 4021 rum
716 3965 804 4021 studia
812 4006 820 4036 ,
829 3969 941 4022 lunonis
950 3969 1085 4038 inprimis,
1097 3986 1143 4020 re-

89 4046 161 4108 tete.
180 4051 279 4104 animis
296 4049 396 4125 iniquis
413 4069 465 4125 pro
484 4053 595 4107 infestis.
645 4048 753 4120 primat-
