2690 4596
211 295 275 378 435
541 289 753 354 nannai
776 288 925 354 vanu

210 420 286 483 Heu
297 431 440 479 mortem
452 411 640 476 obscuram!
655 436 729 502 quae
741 435 838 478 causa
850 413 984 502 indigna
997 417 1109 505 coegit
1329 403 1330 488 i

208 523 473 610 Eripere‚atque
485 541 598 583 meum
609 517 737 583 crudeli
749 521 886 584 vulnere
899 521 1014 584 natum
1219 538 1259 586 2⁸5

207 628 368 695 Afficere?
379 649 400 691 o
412 626 489 690 felix
501 643 568 690 tam
580 642 672 715 grato
684 626 782 692 caedis
794 631 909 692 Amata

207 734 368 800 Successu
378 732 489 796 laetare
501 749 566 797 tuae
579 755 586 796 ε
600 755 674 821 quae
684 722 775 797 ¹tanta
788 732 942 798 dolorum

207 839 332 928 Fugisti
345 854 574 916 monumenta,
588 839 762 927 gravisque
775 840 929 904 immania
943 862 1037 906 casus

207 945 372 1012 Pondera!
387 943 467 1034 quid
481 945 601 1008 misero
614 945 755 1032 genitori
767 945 863 1033 plura
874 947 995 1034 paratis

207 1052 384 1140 OSuperi?
396 1066 510 1114 natum
523 1051 690 1139 rapuistis,
705 1068 737 1115 et
748 1051 856 1116 Ardea
867 1051 1010 1117 flammis
1219 1086 1261 1132 αφ

207 1161 410 1246 Consumpta
422 1158 456 1220 in
469 1157 615 1220 cinerem
627 1180 720 1222 versa
733 1174 782 1221 est
793 1181 800 1219 :
814 1181 904 1223 nunc
917 1157 1039 1222 aethera
1052 1163 1176 1248 pennis

207 1265 386 1328 Verberat:
399 1261 455 1326 ah!
471 1285 538 1342 me,
552 1263 680 1342 Turne,
695 1279 750 1327 tua
762 1264 837 1353 plus
846 1263 940 1332 ,caede
953 1283 1107 1346 cruenta,

207 1373 329 1435 Deerat
340 1367 449 1432 adhuc
462 1389 532 1432 sors
546 1368 606 1432 ista
618 1369 719 1456 patris
732 1391 885 1456 suprema
897 1388 1051 1436 senectae.

206 1481 249 1542 At
260 1499 340 1542 vero
354 1475 408 1538 tali
421 1496 456 1538 se
468 1496 520 1538 res
533 1497 610 1538 cum
622 1473 749 1541 foedere
761 1494 908 1557 versant,

208 1585 253 1647 Ut
265 1603 366 1671 quem
379 1579 496 1642 infesta
509 1580 623 1643 furens
636 1583 793 1646 miserum
806 1585 939 1646 fortuna
950 1601 1117 1666 moratur,
1221 1605 1261 1663 295
1329 1597 1330 1674 i

208 1688 305 1753 Illum
319 1684 410 1748 omni
422 1699 512 1771 petat
524 1683 731 1766 infrendens,
746 1704 779 1752 et
790 1686 923 1753 turbine
935 1707 1042 1777 cogat.
1056 1721 1070 1750 n

207 1860 284 1915 Unde
296 1858 471 1910 Horatianum
484 1856 564 1922 illud;
577 1859 624 1912 lib.
638 1863 663 1926 1,
677 1860 721 1912 od.
737 1862 766 1930 4,
779 1884 803 1915 v.
821 1829 851 1920 ri
863 1889 869 1917 ε
883 1866 991 1919 Pallida
1005 1888 1076 1922 mors
1088 1889 1167 1946 oequo
1177 1873 1265 1942 puisat

205 1941 271 2014 pede
282 1940 436 2010 Pauperum
449 1938 580 2004 tabernas,
591 1940 743 2014 Regumque
755 1953 843 1998 turres.
854 1948 941 2014 Quam
951 1948 1094 2020 vulgarem
1103 1959 1263 2008 sententiam

209 2023 246 2072 sic
259 2019 406 2091 elegantius
419 2018 447 2068 in
459 2019 558 2090 Lyricis
572 2022 677 2072 ornavit
688 2023 785 2074 Noster
797 2028 954 2078 Maurienna:

314 2112 351 2164 Le
360 2130 461 2182 pauura
472 2131 505 2163 en
516 2132 544 2165 sa
556 2116 654 2166 cabane
661 2155 669 2180 ,
683 2121 717 2168 ou
730 2116 753 2168 le
765 2119 878 2174 ebaume
890 2122 914 2174 le
926 2142 1036 2192 couvre,

424 2192 470 2241 Est
480 2194 548 2262 sajet
558 2195 575 2243 ὰ
587 2213 623 2244 ses
636 2192 697 2256 lois5

315 2269 353 2318 Et
363 2267 390 2318 la
399 2269 481 2340 qarde
493 2271 542 2342 qui
553 2271 630 2324 veille
642 2294 696 2325 aux
709 2277 832 2331 barridres
843 2281 880 2332 du
891 2283 993 2334 Louure

422 2350 456 2401 N
458 2347 496 2400 ’en
508 2351 607 2420 de'fend
614 2372 663 2423 pas
674 2374 720 2408 nos
732 2359 789 2410 rois.

209 2475 242 2487 ..
258 2445 317 2512 284.
331 2446 393 2496 Heu
409 2458 518 2498 mortem
529 2450 679 2503 obscuram!
696 2457 778 2526 Atqui
792 2458 863 2512 claro
876 2461 983 2514 vulnere
998 2485 1179 2541 peremptum
1192 2475 1262 2532 dixit.
1329 2453 1330 2542 i

208 2531 308 2580 Verum
321 2527 457 2578 obscuram
467 2528 534 2580 dixit
547 2545 673 2600 mortem,
686 2535 714 2586 id
726 2552 781 2604 est,
799 2540 997 2610 detestabilem,
1010 2563 1042 2598 ut
1058 2569 1121 2621 quae
1135 2569 1191 2608 tam
1211 2561 1264 2612 cla·

209 2628 269 2660 rum
285 2609 371 2660 virum
389 2621 487 2661 aeterna
503 2612 674 2666 tenebrarum
688 2617 823 2674 oblivione
839 2625 973 2695 sepultum
984 2630 1144 2688 involverit.
1159 2671 1191 2693 .—
1207 2643 1262 2694 286.
1329 2675 1330 2702 ἦ

209 2710 225 2742 o
229 2687 309 2760 felix.
327 2687 440 2760 Magnus
454 2687 546 2755 dolor,
566 2693 613 2744 sed
625 2696 745 2767 ineptus;
766 2719 821 2752 non
834 2705 903 2756 enim
916 2704 993 2757 decet
1010 2711 1102 2764 virum
1116 2717 1217 2772 fortem
1229 2723 1263 2772 sic
1329 2709 1330 2740 ι

211 2769 298 2821 odisse
309 2770 406 2834 vitam,
419 2782 449 2820 ut
464 2772 637 2842 suspendium
649 2776 755 2846 laudet,
769 2786 889 2851 quamvis
899 2799 1012 2838 mortem
1022 2790 1173 2850 honestam
1187 2821 1265 2874 appe.

211 2861 266 2902 tere
278 2857 383 2922 posset,
396 2851 465 2902 sicut
479 2854 590 2917 AEneas,
603 2857 628 2922 l,
641 2858 675 2929 98
687 2881 693 2910 :

547 2959 571 3010 Ο
583 2971 689 3032 terque,
704 2980 851 3039 quaterque
863 2970 948 3037 beati,

316 3033 398 3100 Queis
412 3047 472 3087 ante
486 3054 532 3088 ora
545 3052 666 3110 patrum,
678 3046 764 3116 Trojae
776 3049 826 3101 sub
838 3053 970 3104 moenibus
983 3055 1047 3110 altis

319 3113 437 3185 Contigit
449 3125 589 3188 oppetere!
612 3120 616 3129 “

212 3207 245 3258 Et
256 3207 443 3263 Andromache
456 3214 484 3264 in
497 3217 575 3267 tertio
589 3219 729 3289 AEneidos‚
742 3226 790 3277 321
805 3249 811 3278 :

318 3313 415 3365 Ofelix
427 3335 481 3368 una
494 3334 554 3372 ante
568 3322 633 3376 alias
646 3328 776 3383 Priameia
789 3333 878 3406 virgo,

317 3394 446 3446 Hostilem
460 3399 494 3449 ad
507 3404 637 3456 tumulum
650 3409 736 3479 Trojae
749 3413 798 3464 sub
811 3413 940 3468 moenibus
953 3415 1013 3470 altis

318 3473 396 3526 Jussa
409 3481 489 3530 mori!
527 3483 558 3533 A.

210 3601 243 3609 -
258 3571 317 3638 294.
332 3573 370 3624 At
380 3597 439 3630 vero
453 3581 502 3634 tali
515 3599 565 3638 etc.
583 3592 680 3662 Tangit
695 3593 706 3664 (
714 3597 787 3666 quod
799 3601 872 3670 prius
885 3599 957 3672 dixi)
970 3604 1076 3659 malum
1090 3614 1167 3666 malo
1181 3621 1265 3674 solere

210 3651 386 3718 accumulari3
407 3678 461 3713 una
476 3664 543 3716 ordo
563 3682 610 3720 est.
630 3673 666 3722 At
684 3693 726 3726 res
740 3695 768 3730 se
782 3694 889 3732 versant
902 3700 961 3733 cum
973 3685 1023 3738 tali
1043 3689 1168 3766 foedere,
1182 3700 1211 3751 id
1228 3715 1265 3753 est

209 3743 303 3802 pacto,
324 3745 350 3784 et
362 3754 493 3794 consensu
511 3748 579 3801 inter
596 3769 636 3815 se;
655 3755 693 3806 ita
705 3775 755 3809 usu
768 3764 873 3814 evenire
881 3764 964 3830 solet,
984 3779 1015 3817 ut
1032 3771 1151 3830 fortuna
1163 3781 1266 3836 infren-

209 3808 274 3861 dens
286 3825 374 3881 petat‚
390 3831 416 3869 et
428 3837 519 3894 cogat,
532 3828 560 3879 id
573 3844 613 3882 est
625 3845 748 3906 torqueat
758 3840 832 3892 illum
845 3845 917 3894 omni
928 3847 1046 3901 turbine.

202 3887 299 3954 furens
311 3890 421 3960 infesta,
434 3898 463 3949 id
475 3916 527 3968 est,
547 3908 660 3964 infeste:
675 3929 721 3966 aut

208 3978 235 4017 et
248 3984 366 4024 reservat
382 3973 416 4026 ad
429 3984 553 4048 graviora
564 3989 643 4042 mala.
689 4015 729 4048 em

1061 3883 1099 3893 -
1110 3859 1176 3928 295.
1188 3882 1266 3935 quem

734 3935 813 3987 quem
824 3923 882 3992 ipsa
894 3924 984 3976 furens
997 3945 1142 4002 moratur,
1164 3940 1266 3996 detinet

730 4016 779 4069 pe,
801 4003 824 4053 si
840 4003 949 4056 fortuna
960 4004 1044 4060 alicui
1058 4014 1166 4070 misero
1180 4035 1267 4076 servat
