2690 4596
508 357 729 423 GARMEN.

98 475 222 541 Discite
234 475 398 542 bellorum
410 481 584 568 auspiciis.
576 505 659 569 .ego
672 481 799 548 sidera
786 507 878 574 juro,

97 583 277 670 Nunquam
288 583 374 649 acies
381 607 574 675 ,nunquam
586 610 675 650 arma
687 587 815 654 libens
805 610 840 654 ιιι
853 591 965 678 praelia
977 594 1085 704 movi:

97 683 164 750 Sed
176 688 292 752 vestris
304 705 396 754 actus
408 690 501 754 furiis
515 688 574 754 def
559 690 695 756 fendere
708 709 779 758 toto

97 788 219 876 Optavi
232 808 264 856 et
275 793 367 858 licuit
379 793 538 884 Trojanas
550 795 670 860 robore
683 815 802 884 partes.
816 828 829 857 ι

143 897 212 961 Νεο
223 897 308 962 fatus
321 899 416 986 plura
428 902 544 965 AEneas
557 924 563 964 :
578 899 636 966 scd
648 903 743 968 laetus
755 904 797 969 ad
810 904 893 970 altos

95 1001 256 1067 Vertebat
266 1027 394 1084 muros,
408 1022 442 1069 et
452 1008 553 1072 Troia
564 1024 648 1072 tecta
662 1008 804 1097 petebat.

95 1106 171 1170 Una
183 1107 293 1196 ipsum
305 1112 512 1176 Teucrorum
524 1115 631 1178 omnis
643 1137 803 1179 conversa
810 1115 969 1205 juventus

95 1214 270 1282 Exsultans
282 1220 446 1309 sequitur,
460 1221 678 1312 volucresque
691 1246 752 1311 per
762 1247 839 1288 arva
851 1225 975 1312 pedum
987 1227 1020 1289 vi

94 1319 337 1410 Quadrupedes
349 1327 441 1405 citat,
455 1326 607 1392 incusans
618 1330 686 1392 acri
699 1351 756 1393 ore
769 1329 918 1410 Latinos,

97 1427 306 1519 Ignavosque
318 1453 458 1497 vocans:
473 1434 589 1520 strepit
600 1433 684 1498 altus
698 1433 866 1522 plausibus
879 1435 992 1500 aether.

95 1532 140 1595 Et
152 1536 301 1622 quamvis
314 1535 483 1602 inhumata
496 1539 582 1626 rogis
596 1537 674 1605 dare
687 1562 826 1628 corpora
838 1559 950 1629 surgat
1117 1557 1145 1602 ts

96 1640 219 1726 Ingens
232 1662 310 1705 cura
322 1642 447 1723 animo,
462 1645 635 1734 sociosque
649 1647 821 1734 imponere
834 1645 989 1727 flammis,

94 1745 205 1834 Majus
218 1769 302 1834 opus
314 1764 423 1812 tamen
437 1751 554 1813 AEneas
567 1750 629 1815 sub
641 1768 776 1839 pectore
788 1752 940 1833 volvem,

96 1851 245 1915 Primum
257 1854 320 1916 aris
333 1854 468 1918 meritos
480 1855 614 1941 Superis
629 1855 806 1920 mandabat
816 1856 971 1921 bonoria.

96 1960 128 2022 T
131 1982 186 2022 um
199 1961 339 2048 pingues
350 1961 457 2048 patrio
466 1961 619 2049 jugulant
631 1985 671 2025 ex
682 1985 775 2026 more
783 1962 960 2051 juvencoS,

97 2066 352 2155 Immittuntque
365 2061 455 2145 sues,
469 2067 648 2156 niveasque
661 2068 695 2130 in
707 2069 831 2156 templa
842 2067 1008 2148 bidentes,
1117 2088 1146 2135 su

96 2231 171 2284 tione
186 2233 365 2296 inchoabant;
379 2235 440 2287 ideo
454 2235 598 2307 accipimus
612 2236 760 2306 auspicium
772 2252 822 2305 pro
835 2234 984 2306 principio,
995 2246 1025 2286 ut
1037 2235 1099 2288 dixi.
1113 2239 1145 2290 Et

97 2313 179 2383 quia,
194 2328 273 2385 capto
286 2317 423 2387 auspicio,
436 2333 477 2368 res
490 2313 658 2368 secundum'
651 2333 738 2387 ipsum
750 2317 827 2368 f'actae
839 2333 968 2386 prospere
985 2316 1143 2390 plerumque

96 2392 294 2458 succedebant3
310 2396 371 2448 ideo
388 2397 525 2469 auspicato
542 2396 645 2462 venite,
663 2408 703 2448 est
715 2407 870 2468 opportune
881 2407 908 2447 et
923 2395 996 2448 bona
1013 2416 1075 2498 ave,
1092 2399 1145 2453 hoc

96 2483 155 2536 est,
166 2489 287 2544 prospere
296 2493 396 2526 venire
410 2476 441 2526 A.

132 2550 175 2617 54.
196 2553 359 2627 Ipnavosque
376 2575 477 2608 vocans.
496 2558 587 2628 ignavi
607 2567 668 2607 sunt
686 2555 793 2608 inutiles
811 2554 845 2607 ad
864 2552 1001 2619 laborem
1015 2558 1061 2626 qui
1077 2555 1144 2610 nihil

93 2644 168 2683 recte
183 2646 300 2695 navant,·
311 2634 340 2686 id
353 2649 409 2701 est,
422 2639 498 2705 quasi
515 2637 644 2700 navibus,
666 2635 763 2706 quibus
782 2632 923 2686 commode
941 2647 967 2685 et
986 2636 1039 2685 cito
1060 2636 1144 2688 multa

95 2710 321 2776 transvehuntur,
338 2728 492 2783 operentur.
511 2715 599 2766 Ducta
615 2726 655 2766 est
667 2714 737 2765 enim
753 2711 912 2782 metaphora
927 2729 943 2762 a
954 2712 1084 2779 navibus,
1098 2715 1146 2772 sed

92 2803 125 2842 ut
137 2791 171 2841 sit
183 2790 277 2842 melior
289 2808 371 2843 sonus
384 2791 490 2862 adjecta
506 2805 546 2844 est
558 2791 671 2863 simplici
684 2791 804 2862 glitera;
823 2809 877 2840 non
894 2790 964 2841 enim
982 2809 1080 2857 navus,
1097 2793 1146 2844 sed

91 2887 197 2942 qnavus
209 2868 320 2936 dicitur,
332 2870 439 2923 undeet
452 2871 570 2943 iqnavus.
581 2871 612 2920 A.
624 2900 658 2909 -
669 2868 711 2922 55.
726 2869 764 2920 Et
778 2867 897 2941 quamvis
913 2867 1054 2919 inhumata
1069 2872 1144 2943 roqt's.

98 2947 180 3000 sicin
191 2950 325 3022 principio
336 2949 374 3008 Xl
383 2950 487 3003 AEneid.
503 2969 535 3016 2,
548 2962 575 3002 et
586 2968 644 3021 sqq.
657 2970 664 3000 ι

200 3067 297 3118 AEneas
310 3084 463 3137 quanquam
476 3079 502 3119 et
515 3068 593 3118 sociis
607 3065 670 3118 dare
685 3078 790 3137 tempus
802 3063 946 3115 humandis

200 3147 370 3217 Praecipitant
381 3166 467 3211 curas,
480 3148 641 3217 turbataque
655 3147 749 3196 funere
763 3162 836 3196 mens
849 3155 905 3206 est,

202 3227 270 3278 Vota
281 3226 360 3279 doum
371 3229 459 3299 primo
471 3229 558 3279 victor
569 3225 691 3278 solvebat
702 3225 776 3289 Eoo,
789 3237 840 3308 etc.
896 3223 928 3273 A.

92 3377 128 3387 -
137 3342 179 3412 57.
190 3343 279 3414 Maius
293 3363 364 3416 opus.
376 3345 445 3414 Quia
457 3345 543 3416 pietas
555 3345 582 3394 in
592 3359 703 3413 superos
714 3343 799 3411 major
814 3351 871 3404 est,
887 3356 968 3409 quam
980 3340 1006 3389 in
1021 3352 1141 3392 mortuos

94 3423 227 3476 homines.
238 3424 269 3473 A.
280 3453 314 3463 —
325 3422 367 3477 58.
381 3423 489 3476 bonores
501 3423 612 3475 meritos.
626 3420 762 3473 Sacrifieia
771 3417 911 3490 intelligit,
923 3435 981 3488 quae
991 3417 1047 3469 Diis
1057 3420 1143 3471 factu-

96 3529 156 3563 rum
170 3528 197 3561 se
207 3513 383 3580 promiserat,
393 3515 415 3563 si
426 3513 512 3563 victor
524 3513 659 3563 evasisset.
669 3540 704 3549 -
714 3510 757 3580 59.
769 3507 838 3559 Tum
848 3505 961 3580 pinques
971 3505 1059 3578 patrio
1068 3509 1146 3580 jaqu-

97 3587 157 3640 Iant
165 3606 197 3638 ex
206 3607 285 3639 more.
296 3591 366 3642 Bene
372 3588 500 3663 juqnlant
508 3589 582 3652 dixit,
593 3585 777 3660 nonjuqulat‚
789 3586 852 3656 quia
862 3585 957 3636 servile
968 3599 1006 3637 est
1015 3585 1144 3653 officium,

98 3667 170 3742 quod
191 3670 271 3719 sociis
290 3669 385 3722 AEneas
404 3671 557 3742 reliquerat.
575 3671 657 3722 Erant
677 3682 766 3721 autem
779 3667 902 3737 juvenci,
923 3667 987 3738 quia
1004 3665 1087 3719 boves
1104 3669 1145 3720 in·

96 3748 162 3800 tacti
174 3769 180 3798 z
194 3760 237 3814 ut,
249 3748 352 3799 AEneid.
363 3751 412 3816 VI,
425 3749 458 3802 38
469 3770 476 3801 2

203 3868 282 3918 Nunc
294 3886 373 3938 grege
386 3867 419 3920 de
434 3870 535 3921 intacto
548 3882 651 3940 septem
662 3878 780 3919 mactare
789 3867 919 3935 juvencos

209 3944 375 3997 praestiterit.

96 4079 132 4092 -
145 4047 401 4124 bulmmittunequ
416 4068 486 4119 sues,
503 4051 534 4104 ln
550 4051 666 4126 templa:
680 4062 844 4106 sumentem
859 4065 921 4104 sues
938 4045 1074 4102 sacrificiis
1090 4047 1146 4120 apti
