2690 4596
518 299 739 364 eunucu.
1089 311 1153 398 a,

107 424 246 488 Pectora
257 421 351 510 pulsa
363 436 454 486 metu
466 422 541 488 eaesi
554 421 662 501 ducis,
677 423 798 512 inclyta
809 423 936 490 malunt
1126 461 1156 492 20

63 527 66 532 ’
108 532 209 592 Arma
221 528 330 618 sequi,
345 544 377 592 et
391 527 568 617 Phrygium
581 531 720 609 AEuean,
735 528 911 621 foedusque
924 537 1052 620 precari

106 638 214 718 Pacis,
229 654 262 702 et
274 653 429 702 aeternam
442 637 540 702 rebus
552 636 711 727 belloque
723 639 881 727 quietem.

152 745 249 808 Tunc
260 744 412 808 Turnum
425 742 525 830 super
535 742 697 808 adsistens
710 742 840 831 placido
854 767 911 809 ore
924 749 1073 835 profatur

106 851 244 914 AEneas:
262 879 275 908 a
289 853 370 932 Quae
383 865 471 912 tanta
483 850 594 914 animo
607 847 774 914 dementia
786 852 903 931 crevit,
932 897 934 902 -

106 957 154 1021 Ut
166 957 313 1020 Teucros
325 956 488 1044 Superum
500 957 649 1036 monitis,
663 957 852 1046 summique
865 959 894 1022 Τ
896 960 1026 1023 ouantis
1127 976 1155 1022 25

105 1062 253 1149 Imperio
265 1062 333 1125 huc
344 1078 469 1140 vectos,
484 1062 657 1149 patereris,
673 1063 801 1126 Daunia
813 1063 937 1149 proles,

105 1167 201 1231 Italia
214 1184 246 1232 et
258 1167 360 1256 pactis
373 1166 601 1256 nequidquam
615 1167 780 1256 expellere
793 1168 906 1232 tectis?

105 1276 206 1342 Disce
218 1276 235 1338 J
239 1275 506 1353 ovem-revereri,
521 1291 554 1338 et
561 1275 654 1363 jussa
666 1276 828 1340 facessere
842 1277 973 1340 Divum.

105 1384 267 1467 Magnum
280 1381 378 1444 etiam
391 1381 478 1468 capit
490 1381 537 1444 ira
549 1383 667 1444 lovem
681 1405 687 1442 ε
702 1403 934 1470 memoresque
946 1381 1109 1447 malorum

104 1486 266 1553 Sollicitat
277 1483 423 1549 vindicta
435 1487 539 1565 Deos;
553 1508 595 1550 en
609 1487 724 1550 ultima
736 1487 817 1551 tanti
1126 1504 1158 1552 3ο

105 1691 159 1728 nus
171 1673 278 1724 interae
291 1671 503 1722 decertaverunt.
519 1698 554 1710 -
565 1687 607 1722 22.
623 1670 743 1743 belloque
752 1670 877 1744 quietem.
894 1671 924 1722 ld
936 1667 1070 1726 rem‘vero
1083 1677 1158 1728 simi·

105 1755 160 1808 lem
172 1753 253 1816 lacit,
267 1753 345 1821 quia,
361 1748 438 1801 nulla
454 1748 522 1802 salus
540 1748 624 1816 bello,
642 1770 734 1823 pacem
754 1752 920 1822 tepescimus
933 1772 1037 1819 omnes,
1056 1755 1159 1809 dixerat

104 1835 240 1888 Drsmces:
260 1843 442 1882 verumtamen
459 1831 523 1899 quia
543 1830 684 1881 verborum
701 1831 860 1900 plusquam
875 1831 996 1896 virtutis,
1012 1851 1028 1884 a
1046 1835 1157 1906 Virgilio

104 1911 232 1965 habuisse
242 1908 419 1980 predicatur,
436 1906 552 1960 dicerem
569 1909 626 1959 fato
639 1911 766 1972 cessisse,
785 1911 969 1979 potiusquam
987 1911 1076 1973 bello;
1095 1917 1159 1984 quia

107 1993 210 2045 dictum
222 2001 262 2043 est
274 1991 365 2059 prius,
375 2005 440 2059 qens
448 2003 539 2057 aspera
552 1986 620 2038 bello
632 1985 787 2039 debellanda
801 1987 849 2037 etti
859 1998 899 2038 est
908 1987 991 2039 Latia
1004 1990 1035 2039 A.
1049 1991 1059 2060 (
1078 1991 1097 2062 ).

142 2071 183 2123 23.
199 2067 275 2122 Tunc
288 2067 409 2119 Tamum
422 2083 501 2136 super
513 2067 653 2131 adsistens,
664 2063 772 2138 placido
784 2083 827 2118 ore
840 2066 967 2137 profatur
980 2070 1098 2122 AEneas:
1112 2071 1158 2125 hic

104 2169 198 2205 versus
214 2151 271 2202 fere
287 2160 360 2198 totus
377 2159 432 2211 est,
450 2148 477 2197 in
495 2146 566 2199 libro
583 2149 607 2198 X
621 2147 724 2199 AEneid.
740 2165 765 2200 v.
784 2147 850 2215 4903
868 2165 944 2218 quem
963 2148 1068 2202 Tunius
1081 2170 1160 2224 super

104 2233 228 2288 adsistens
233 2269 242 2296 ,
255 2229 292 2283 sic
302 2245 346 2280 ore
354 2225 534 2298 pmsatur,....
545 2238 572 2278 et
583 2225 647 2280 levo
660 2227 753 2298 pressit
763 2229 830 2298 pede
841 2228 989 2279 exanimem
1000 2228 1157 2284 Pallanta...

103 2314 166 2367 Fuit
182 2310 255 2382 apud
270 2322 373 2362 veteres
390 2320 517 2362 constans
529 2309 647 2360 victoriae
665 2325 740 2374 mos,
757 2309 883 2361 confossa
898 2322 924 2362 et
942 2321 1025 2362 strata
1039 2311 1158 2365 hostiurn

105 2409 220 2464 corpora
239 2390 354 2462 pedibus
371 2387 493 2455 calcare,
509 2391 646 2462 praecipue,
664 2400 790 2461 caputet
809 2392 948 2441 cervicem.
967 2389 1010 2443 Sic
1028 2392 1159 2462 Ovidius,

104 2474 216 2527 Metam.
228 2470 274 2523 lib.
290 2470 365 2532 v111;
379 2482 405 2522 et
417 2470 520 2521 Pontio.
535 2470 582 2524 lib.
598 2469 638 2534 11,
657 2472 727 2541 epist
748 2487 780 2532 23
801 2471 918 2541 Propert.
934 2468 981 2522 lib.
1001 2473 1026 2539 1,
1042 2472 1107 2545 eleg.
1127 2491 1157 2540 r,

103 2573 130 2606 v.
144 2553 176 2620 43
189 2551 295 2603 Curtius
306 2551 353 2602 lib.
368 2548 420 2617 lx,
434 2569 492 2621 cap.
507 2565 538 2620 73
551 2549 615 2602 Stat.
629 2551 713 2603 Theb.
727 2550 774 2602 lib.
786 2551 825 2615 11,
839 2569 862 2600 v.
879 2550 945 2619 7133
956 2551 1110 2604 Lactantius
1123 2552 1157 2605 de

103 2633 235 2687 mortibus
246 2641 377 2702 persecut.
391 2649 414 2680 c.
429 2629 460 2690 5;
473 2648 541 2700 quos
554 2630 629 2696 vide,
642 2632 663 2682 si
680 2631 775 2701 placet.
789 2661 822 2668 -
836 2631 877 2695 ²4·
896 2631 961 2699 Quae
975 2640 1049 2682 tanta
1065 2634 1157 2684 animo

50 2741 64 2750 -
104 2711 258 2766 clementia?
269 2711 364 2780 Aptius
376 2709 460 2760 multo
473 2709 589 2760 Lausum
601 2710 639 2760 sic
652 2709 807 2778 adloquitur
819 2709 913 2758 AEneas
926 2707 1103 2778 virgilianus,
1116 2711 1157 2775 X,

106 2789 160 2847 aas
172 2811 178 2840 ε
191 2789 258 2863 quid
267 2789 315 2839 tili
327 2805 407 2846 nunc,
422 2787 567 2840 miserande
574 2806 652 2858 puer,
663 2807 713 2858 pro
725 2786 848 2838 laudibus
860 2785 932 2836 istis?
942 2786 1091 2856 quidplus,
1105 2801 1156 2839 etc.

106 2899 142 2911 -·
156 2867 347 2940 asperneris.
364 2867 477 2931 Melius,
494 2866 643 2918 conamrisr
661 2865 708 2916 sed
724 2865 785 2935 plus
803 2875 841 2915 est
855 2864 996 2934 patereris:
1010 2883 1072 2916 nam
1085 2868 1107 2918 si
1124 2885 1158 2919 ne

106 2950 169 3023 pati
181 2948 290 3020 quidem
304 2947 413 3011 debuit,
427 2946 513 2998 multo
525 2948 612 2998 minus
625 2945 653 2996 id
664 2945 754 2996 facere
766 2944 848 2995 licuit.
860 2945 891 2993 A.
902 2973 934 2980 —-
946 2943 1055 2994 Daunia
1063 2944 1155 3014 proles.

107 3028 278 3099 vituperatio
290 3043 306 3077 a
318 3043 423 3097 genere.
440 3027 510 3078 Nasu
526 3025 637 3076 Daunus
652 3023 771 3076 mortalis
788 3021 826 3073 illi
842 3035 918 3094 pater
933 3023 1000 3085 luit,
1016 3019 1079 3074 licet
1096 3023 1158 3076 diva

106 3109 214 3161 Venilia
221 3120 313 3159 mater.
322 3107 354 3156 A.
361 3135 395 3146 —
402 3106 444 3158 28.
453 3103 530 3158 Disce
536 3107 628 3156 Jovem
637 3103 755 3155 revereri.
765 3102 807 3154 Sic
817 3104 845 3152 in
857 3116 930 3154 sexto
941 3101 1080 3168 AEneidos,
1089 3104 1156 3156 620:

104 3188 206 3244 Discite
207 3187 343 3260 justitiam
355 3185 467 3251 moniti,
482 3195 508 3236 et
519 3204 572 3236 non
585 3194 699 3236 temnere
709 3184 788 3235 divos.
801 3182 852 3233 Sed
864 3182 908 3234 hie
920 3198 975 3233 non
990 3181 1075 3234 solum
1089 3183 1158 3237 dura

106 3287 173 3342 erga
188 3270 307 3333 victum,
324 3267 372 3319 sed
388 3266 490 3318 inutilis
504 3283 555 3317 vox
572 3283 634 3337 erga
650 3265 817 3316 morientem.
827 3291 863 3301 -—
875 3265 945 3334 jussa
954 3265 1090 3336 facessere.
1107 3265 1157 3315 Hic

104 3351 216 3406 faceret
231 3349 296 3401 alibi
307 3349 408 3400 factum
424 3349 476 3413 ire,
491 3359 521 3397 ut
532 3345 629 3418 Georg.
643 3347 694 3411 lV,
707 3343 768 3404 548.

212 3457 270 3509 Nec
282 3477 372 3530 mora5
389 3459 518 3510 continuo
531 3455 622 3508 matris
637 3465 771 3527 praecepta
780 3451 892 3524 facessit.

106 3569 161 3624 Sed
174 3571 238 3641 quid
249 3572 383 3642 ineptius,
397 3591 478 3643 quam
490 3581 625 3622 mortuum
635 3568 790 3631 adhortari,
802 3577 830 3618 ut
840 3566 967 3636 pietatem
978 3563 1057 3616 eolat.
1068 3594 1103 3604 -
1115 3581 1154 3635 29.

106 3667 284 3723 memoresque
295 3649 435 3703 malorum.
452 3653 560 3720 Quanto
578 3651 686 3702 suavius
703 3649 836 3712 llioucus,
849 3643 986 3697 iuAEneid.
1007 3647 1033 3708 l,
1049 3664 1072 3695 v.
1090 3646 1154 3715 347:

105 3739 242 3803 atspcrate
248 3732 315 3792 Deos
321 3750 445 3785 memores
451 3731 536 3803 fandi
546 3742 625 3804 atque
637 3729 749 3801 nefandi
754 3750 764 3790 ;
777 3739 937 3780 reservatam
950 3727 1047 3796 injuste
1057 3728 1157 3797 agenti·

137 3889 171 3949 (ι)
185 3887 243 3947 Qun
256 3887 409 3950 subscrlptsm
421 3889 509 3937 habeut
519 3888 612 3936 literam
625 3887 657 3944 A,
675 3897 729 3934 aunt
741 3888 861 3933 Ascensii:
877 3895 960 3932 caetera
975 3893 1028 3930 runt
1040 3883 1156 3941 Editorie,

106 3961 136 4006 N.
146 3961 174 4006 E.
185 3959 211 4004 1..
223 3961 329 4042 quamue
340 3973 419 4044 neque
430 3961 485 4022 ills,
496 3976 574 4027 neque
586 3959 694 4026 Maphoeo
704 3961 781 4022 Vegio
788 3960 925 4025 presentem
934 3955 1057 4018 Dialogum
1065 3956 1158 4018 sigum

108 4045 154 4080 suu
163 4045 260 4090 numme
272 4043 395 4085 curritur.
1126 4057 1129 4064 ,
