2724 4600
259 306 318 368 138
503 306 536 368 P.
561 303 793 369 VIRGILll
815 307 1046 378 ottuou'ls

252 427 338 492 Ecce
349 430 447 492 maris
460 453 576 517 magna
588 429 710 495 claudit
723 452 783 496 nos
796 432 902 521 objice
915 453 1053 522 pontus;
1087 437 1092 444 '

148 541 152 556 ’
252 533 353 597 Deest
360 533 428 622 jam
441 551 526 599 terra
536 537 624 627 'fugae
636 559 643 598 ι
656 538 792 626 pelagus
804 539 982 629 Trojamne
994 549 1165 631 petemus?
1176 578 1190 606 o

252 638 332 702 Haec
343 640 402 718 ait,
417 657 450 704 et
461 640 589 705 medius
602 641 722 707 densos
734 646 922 732 prorumpit
935 648 968 711 in
980 646 1093 715 hostis.

250 744 376 811 Obvius
388 744 466 812 huic
477 749 635 835 primum,
649 751 723 816 fatis
735 751 898 818 adductus
910 755 1047 845 iniquis,
1251 775 1296 822 380
1358 831 1359 834 ¹

250 851 303 912 Fit
315 852 421 939 Lagus
433 874 440 913 :
454 852 557 932 hunc,
573 878 692 942 magno
704 857 795 921 vellit
808 856 888 922 dum
900 861 1050 947 pondere
1062 885 1190 944 saxum,
1289 907 1293 912 ·
1358 869 1359 920 ἕ

249 956 378 1020 Intorto
390 957 460 1046 figit
472 960 553 1039 telo,
568 959 757 1028 discrimina
769 965 867 1029 costis

249 1061 313 1124 Per
323 1062 471 1128 medium
484 1089 548 1155 qua
560 1069 655 1155 spina
667 1067 779 1150 dabut3
792 1069 985 1160 hastamque
998 1092 1144 1162 receptat

249 1166 386 1240 Ossibus
397 1169 578 1237 haerentem
590 1197 597 1236 :
611 1197 711 1263 quem
724 1197 792 1239 non
804 1197 904 1264 super
915 1194 1055 1267 occupat
1067 1179 1186 1260 Hisbo,

280 1384 334 1447 377.
342 1401 421 1451 mapsa
428 1388 497 1452 objice
504 1389 612 1438 teuchite
621 1375 783 1450 (seribendurn
794 1394 825 1438 alc
833 1391 913 1448 obice,
923 1408 978 1439 nam
987 1393 995 1439 l
1005 1406 1039 1439 est
1050 1410 1094 1458 pro
1101 1398 1119 1440 ii
1124 1407 1148 1440 ut
1156 1395 1246 1443 lavini.
1255 1399 1295 1442 im·
1359 1396 1360 1402 ’

246 1457 322 1517 peri.)
330 1461 418 1521 recepit
427 1462 555 1508 secundum
564 1464 624 1510 Pier.
634 1465 713 1510 Heius.
724 1467 876 1511 vetustiorum
887 1468 991 1512 omnium
999 1469 1136 1514 auctoritate
1145 1483 1151 1512 z
1161 1485 1232 1532 quern
1241 1467 1294 1514 vide

248 1525 278 1571 ad
290 1526 313 1573 br
328 1527 344 1572 l.
358 1542 380 1575 et
390 1531 420 1575 ad
431 1531 552 1580 claudian.
566 1535 589 1578 ll
601 1537 626 1579 in
637 1536 733 1596 Eutrop.
750 1533 788 1591 34.
800 1534 859 1580 Edd.
871 1547 894 1582 et
906 1537 975 1582 codd.
990 1552 1090 1594 recent,
1107 1550 1133 1584 ut
1146 1537 1216 1584 Goth.
1235 1552 1294 1594 tice,
1359 1543 1360 1588 l

247 1612 339 1660 moqoo,
349 1602 467 1662 quomodo
477 1617 500 1650 et
509 1607 583 1652 Servii
591 1617 657 1651 aetate
667 1605 776 1651 nonnulli
786 1606 906 1668 legebant,
918 1623 1001 1668 parum
1011 1624 1125 1655 memores
1137 1621 1161 1654 et
1170 1607 1206 1654 liic
1214 1621 1237 1656 et
1247 1607 1293 1654 ltaec

246 1666 303 1713 obex
313 1668 366 1714 dici.
377 1672 489 1718 Nonnulli
498 1674 557 1721 adeo
567 1679 643 1740 mopsi
651 1675 776 1721 emendare
784 1678 841 1721 ausi.
849 1675 969 1722 vidtServ.
979 1677 1064 1738 -378.
1073 1676 1166 1740 peloqus
1174 1681 1294 1740 Trojamue

245 1734 291 1782 hoc
301 1750 346 1793 est,
354 1750 433 1785 utrum
444 1742 540 1805 pelagus
547 1761 577 1791 an
582 1746 692 1808 Trojam?
700 1745 779 1809 pelaqo
789 1748 919 1808 Trojomue,
929 1748 1008 1808 (quod
1017 1761 1090 1793 esset:
1100 1763 1157 1792 num
1166 1750 1225 1794 mari
1234 1749 1293 1793 Tro-

243 1807 291 1866 jam
300 1822 390 1864 noram,
401 1826 454 1856 nani
464 1816 591 1876 antiquam,
597 1819 645 1878 jam
652 1818 760 1868 excisam,
769 1815 869 1860 Arcades
878 1827 960 1876 petere
970 1815 1034 1861 haud
1042 1827 1159 1878 poterant,
1167 1817 1293 1878 petendam
1359 1843 1360 1856 ι

246 1891 295 1924 esse
302 1882 416 1942 putatisll
423 1883 478 1930 edd.
489 1887 565 1949 vulgg.
574 1898 628 1932 ente
635 1887 728 1942 lleins,
739 1899 813 1948 quum
823 1897 900 1931 tamen
909 1889 1047 1933 vetustiores
1054 1887 1123 1932 codd.
1133 1887 1200 1950 quod
1210 1900 1233 1934 et
1240 1889 1294 1933 Pie·

245 1951 293 1996 rius
300 1955 390 1999 monuit
398 1955 428 2002 de
435 1959 489 2012 suis,
495 1957 745 2004 constanterhabeant:
754 1955 847 2022 pelopus
856 1960 982 2020 Trojirmne.
990 1959 1039 2003 Nisi
1047 1959 1112 2021 quod
1121 1959 1183 2004 Gud.
1193 1971 1216 2004 et
1226 1959 1292 2004 Lcid.

244 2024 336 2088 peloqus
357 2027 460 2089 Trojeue.
476 2029 589 2075 Montalb.
611 2032 702 2092 Trojum
718 2026 846 2092 peloquino.
862 2027 904 2073 Ed.
919 2039 955 2090 pr.¹
971 2030 1049 2073 Burm.
1062 2027 1155 2092 pelupus
1173 2037 1293 2074 terrum·

244 2095 342 2141 Mediol.
351 2095 441 2159 pelaqos
460 2101 585 2162 Trojumoe.
596 2101 668 2145 Porro
679 2106 783 2161 petemus
795 2095 882 2142 Medic.
893 2111 905 2141 a
915 2111 946 2140 m.
957 2109 1002 2142 aec.
1013 2095 1074 2141 Gud.
1086 2110 1109 2142 et
1118 2096 1177 2143 alter
1191 2096 1290 2143 Mentel.

244 2180 298 2209 cum
314 2163 365 2212 aliis
381 2167 459 2212 Burni.
469 2181 493 2213 et
502 2185 555 2216 curn
566 2169 655 2232 aliquot
671 2169 754 2221 Pierii,
768 2168 809 2229 qui
821 2168 900 2229 petetis
914 2181 943 2212 ex
958 2166 1012 2212 edd.
1026 2179 1082 2212 vett.
1093 2166 1176 2222 habet,
1190 2167 1256 2230 quod
1269 2178 1293 2211 et

244 2235 269 2276 in
280 2233 351 2278 Gotlr.
362 2251 398 2296 pr.
411 2239 525 2294 occurrit,
539 2239 625 2302 reliqui
635 2241 725 2301 petatis
744 2236 823 2300 pelope
834 2237 959 2282 lertiamoe
971 2245 1072 2299 pewmus
1083 2235 1106 2281 h.
1119 2254 1139 2282 e.
1154 2237 1293 2292 Arcadiam,

244 2299 294 2355 vel,
304 2301 475 2350 Pallanteumoe
487 2317 600 2369 petemus,
615 2312 735 2370 ingeniose
749 2307 853 2353 tentabat
862 2308 899 2352 lo.
910 2307 1033 2353 Schrader.
1046 2309 1071 2353 in
1083 2307 1183 2353 schedis.
1194 2333 1226 2346 -
1237 2307 1291 2368 379.

243 2375 346 2433 prorupit
355 2373 459 2420 Perrhae.
471 2403 503 2412 -
512 2377 564 2424 380.
573 2380 632 2442 fatis
644 2382 743 2441 pultium
753 2377 862 2423 deductus
872 2378 932 2423 Ven.
946 2378 1056 2423 timetur
1070 2379 1138 2423 etiam
1154 2377 1224 2424 Goth.
1238 2387 1291 2423 tert.
1360 2431 1361 2454 7

244 2442 350 2488 advectus
360 2445 464 2493 Parthas.
474 2473 506 2484 -
515 2449 568 2495 381.
580 2449 614 2496 liic
624 2450 720 2514 quidam
730 2448 786 2496 olim
797 2448 851 2496 edd.
862 2465 899 2511 ap.
911 2451 972 2496 Pier.
983 2447 1045 2494 vellit
1053 2465 1133 2513 meque
1141 2449 1208 2496 llom.
1219 2461 1243 2494 et
1250 2447 1293 2494 ali·

242 2525 301 2574 quot
310 2515 389 2561 lleins.
404 2534 430 2563 ac
444 2521 522 2566 llum.
540 2537 594 2567 cam
611 2522 676 2568 binis
685 2519 755 2566 Goth.
765 2532 789 2566 et
799 2521 848 2566 Ms.
859 2523 989 2578 Beronum,
1001 2520 1064 2567 unde
1074 2523 1192 2568 revocavit
1201 2521 1291 2566 Cunin-
1360 2531 1361 2574 j

244 2582 320 2644 ghent.
339 2601 391 2631 cum
405 2589 473 2634 Rom.
482 2617 514 2626 --
523 2590 576 2637 383.
591 2607 637 2656 quo
648 2595 713 2654 spina
726 2591 796 2636 dohet
808 2591 894 2636 Medic.
909 2592 969 2638 Gud.
985 2609 1043 2638 ern.
1057 2608 1093 2654 pr.
1107 2589 1221 2636 Mentalb.
1238 2607 1292 2636 cum
1360 2575 1361 2600 ¹

243 2652 318 2700 Colot.
330 2669 353 2702 et
363 2658 467 2705 Parrhas.
476 2677 502 2706 ac
510 2662 580 2707 Goth.
588 2678 648 2717 sec,
658 2663 731 2725 idque
739 2674 802 2708 recte
811 2664 895 2724 recipit
905 2662 1073 2723 Cuningham„
1085 2661 1157 2724 idque
1166 2663 1217 2722 ipse
1226 2676 1290 2705 nunc

242 2741 342 2788 sequor:
352 2729 454 2790 postulat
463 2734 524 2778 enirn
535 2732 560 2778 id
571 2736 727 2796 consequutio
737 2746 881 2794 temporum,
895 2749 966 2796 quam
980 2744 1049 2794 poeta
1059 2743 1128 2777 amat.
1139 2731 1218 2792 Vulgo
1227 2731 1290 2777 dedit

243 2796 328 2844 editur.
341 2797 468 2865 hosteuique
477 2811 596 2866 retemptat
603 2803 715 2860 Dorvill,
725 2804 883 2866 ineptissimus
893 2801 979 2858 codex,
989 2817 1002 2846 a
1012 2817 1044 2846 m.
1052 2817 1087 2862 pr.
1097 2813 1133 2846 est
1142 2796 1289 2846 &tantm

243 2862 327 2928 ims-
336 2896 369 2910 -··
378 2872 430 2930 384.
447 2874 518 2932 Quem
531 2876 629 2939 desuper
640 2875 739 2923 Dorvill.
754 2888 777 2921 et
791 2873 862 2920 Goth.
874 2890 920 2921 sec.
934 2872 1029 2921 oecubat
1042 2872 1090 2918 duo
1103 2873 1190 2918 Moret.
1204 2883 1227 2917 et
1240 2887 1287 2918 var.

241 3046 302 3103 568.
321 3051 387 3122 569,
405 3067 431 3107 et
452 3057 486 3109 sd
507 3077 531 3109 v.
553 3061 605 3130 376
621 3061 697 3112 lliad.
714 3081 741 3126 s,
787 3058 859 3110 conf.
878 3057 929 3122 tx,
948 3057 997 3110 130
1014 3072 1073 3124 sqq,
1093 3053 1209 3117 Moneo,
1223 3053 1287 3122 quia

241 3129 301 3196 814.
311 3163 345 3172 --
355 3133 415 3206 377.
428 3136 469 3188 Cf.
481 3142 587 3212 egregia
598 3141 671 3194 dicta
681 3142 744 3210 Aja-
788 3138 953 3188 Burmannus
961 3134 1006 3185 hic
1014 3132 1108 3191 haeret,
1118 3148 1179 3178 curn
1189 3130 1284 3182 Cerdo.

240 3210 277 3261 cis
290 3211 363 3264 lliad.
377 3235 402 3279 ο,
417 3217 467 3283 504
478 3235 536 3289 sqq.
548 3230 574 3270 et
586 3219 669 3272 altera
680 3221 740 3289 734.
788 3217 848 3267 Non
862 3226 900 3266 est
913 3213 946 3264 de
953 3213 1034 3279 Troja
1046 3209 1157 3276 antiqua
1163 3212 1286 3280 cogitan-

239 3289 285 3340 ubi
299 3308 402 3344 mecum
415 3297 591 3351 mirabereve.
602 3296 739 3369 74orrs'srp
786 3294 857 3345 dum.
879 3320 913 3336 -ι-
935 3291 993 3341 382.
1016 3286 1076 3338 383.
1098 3285 1207 3338 verbo:
1234 3309 1286 3362 qua

238 3364 361 3431 scorpiis·
385 3391 400 3424 a
423 3388 502 3444 poeta
527 3381 633 3450 accipi,
655 3389 737 3449 ponto
782 3385 859 3443 perte
870 3366 1128 3439 spinaperrnedium
1137 3366 1215 3420 dorsi
1226 3389 1286 3440 μοι

239 3444 329 3498 clausi.
347 3450 416 3502 Nam
428 3460 523 3508 vertit:
541 3459 621 3510 maris
636 3457 740 3508 claudit
781 3449 870 3510 cedit3
891 3465 949 3518 que
970 3445 1128 3498 discrimina
1149 3461 1284 3500 costarum

239 3527 482 3601 nosodjicepontus.
491 3537 525 3589 de
533 3557 588 3608 quo
596 3556 667 3588 nunc
674 3536 735 3588 vide
779 3529 860 3591 fecit,
875 3544 898 3577 s.
917 3539 1004 3578 costas
1022 3526 1168 3578 intervallis
1184 3527 1283 3580 direm-

238 3603 317 3656 Ohss.
332 3607 367 3659 ad
384 3629 406 3661 e.
426 3612 442 3662 l.
456 3645 491 3656 -.
501 3617 561 3686 378,
576 3618 646 3668 Num
662 3632 737 3666 mare
781 3619 822 3658 tas
834 3609 903 3658 inter
915 3624 952 3658 se.
962 3636 997 3646 -
1006 3606 1068 3672 384.
1080 3619 1231 3677 supensus
1243 3621 1283 3659 est

236 3683 303 3755 fuga
314 3701 447 3756 petemus,
461 3713 494 3745 on
506 3715 601 3746 novam
616 3695 736 3762 Troiam,
779 3687 1058 3759 euporhoc,dun1in
1071 3706 1103 3739 eo
1118 3699 1158 3738 est
1169 3705 1284 3757 occupa-

238 3777 326 3817 castra
343 3766 540 3839 Trojanorum?
558 3776 632 3845 atqui
644 3776 688 3824 via
703 3772 738 3825 ad
782 3783 839 3836 tua,
851 3782 897 3820 eut
909 3769 1038 3840 desuper,
1046 3781 1077 3818 ut
1089 3779 1128 3820 est
1138 3768 1189 3836 490
1198 3767 1282 3838 Quem

236 3841 735 3922 hancintercluseest‚hosteobjecto;
785 3849 889 3910 Turnus
911 3867 988 3921 super
1010 3849 1138 3900 adsistens.
1164 3848 1198 3897 cf.
1221 3846 1254 3911 54
1274 3884 1279 3896 .

238 3936 264 3974 et
276 3925 433 3980 obsidentur
441 3945 528 3984 costra
539 3953 554 3984 a
563 3945 639 4004 parte
649 3934 739 4002 copi-af
783 3927 843 3994 541.
857 3929 970 3982 Pallanti
980 3929 1118 3980 inclinanti
1130 3925 1202 3978 seed
1214 3927 1282 3975 reci·

237 4023 296 4060 rum
313 4025 328 4059 a
343 4009 434 4061 Turno
452 4010 543 4070 relicta
560 4028 618 4080 sup·
633 4029 657 4061 v.
676 4012 735 4066 ato.
782 4017 908 4087 piendam
929 4017 1034 4070 hastam
1052 4015 1147 4069 vulnus
1166 4011 1283 4084 desuper
