<?xml version="1.0" encoding="UTF-8"?>
<!DOCTYPE html PUBLIC "-//W3C//DTD XHTML 1.0 Transitional//EN"
    "http://www.w3.org/TR/xhtml1/DTD/xhtml1-transitional.dtd">
<html xmlns="http://www.w3.org/1999/xhtml" xml:lang="en" lang="en">
 <head>
  <title>
</title>
<meta http-equiv="Content-Type" content="text/html;charset=utf-8" />
  <meta name='ocr-system' content='tesseract 3.04.00' />
  <meta name='ocr-capabilities' content='ocr_page ocr_carea ocr_par ocr_line ocrx_word'/>
</head>
<body>
  <div class='ocr_page' id='page_1' title='image "./pvirgiliusmaroq03barbgoog_0465.png"; bbox 0 0 2690 4596; ppageno 0'>
   <div class='ocr_carea' id='block_1_1' title="bbox 509 275 1143 366">
    <p class='ocr_par' dir='ltr' id='par_1_1' title="bbox 509 275 1143 366">
     <span class='ocr_line' id='line_1_1' title="bbox 509 275 1143 366; baseline 0 -25"><span class='ocrx_word' id='word_1_1' title='bbox 509 275 732 342; x_wconf 70' lang='lat' dir='ltr'><strong>clausu.</strong></span> <span class='ocrx_word' id='word_1_2' title='bbox 1080 281 1143 366; x_wconf 61' lang='lat' dir='ltr'><strong>in</strong></span> 
     </span>
    </p>
   </div>
   <div class='ocr_carea' id='block_1_2' title="bbox 93 381 1147 2292">
    <p class='ocr_par' dir='ltr' id='par_1_2' title="bbox 94 381 1078 598">
     <span class='ocr_line' id='line_1_2' title="bbox 95 381 1078 492; baseline 0.002 -26"><span class='ocrx_word' id='word_1_3' title='bbox 95 401 247 492; x_wconf 84' lang='lat' dir='ltr'><strong>Namque</strong></span> <span class='ocrx_word' id='word_1_4' title='bbox 260 402 322 468; x_wconf 89' lang='lat' dir='ltr'><strong>erit</strong></span> <span class='ocrx_word' id='word_1_5' title='bbox 333 400 402 481; x_wconf 84' lang='lat' dir='ltr'><strong>illa,</strong></span> <span class='ocrx_word' id='word_1_6' title='bbox 415 393 512 467; x_wconf 87' lang='lat' dir='ltr'><strong>tuum</strong></span> <span class='ocrx_word' id='word_1_7' title='bbox 523 401 647 468; x_wconf 82' lang='lat' dir='ltr'><strong>celebri</strong></span> <span class='ocrx_word' id='word_1_8' title='bbox 659 424 734 489; x_wconf 84' lang='lat' dir='ltr'><strong>quae</strong></span> <span class='ocrx_word' id='word_1_9' title='bbox 746 403 905 490; x_wconf 76' lang='lat' dir='ltr'><strong>sanguiue</strong></span> <span class='ocrx_word' id='word_1_10' title='bbox 917 426 1061 485; x_wconf 80' lang='lat' dir='ltr'><strong>nomen,</strong></span> <span class='ocrx_word' id='word_1_11' title='bbox 1075 381 1078 390; x_wconf 36' lang='lat'><strong>⁴</strong></span> 
     </span>
     <span class='ocr_line' id='line_1_3' title="bbox 94 503 892 598; baseline 0.005 -27"><span class='ocrx_word' id='word_1_12' title='bbox 94 507 325 598; x_wconf 85' lang='lat' dir='ltr'><strong>Trojauosque</strong></span> <span class='ocrx_word' id='word_1_13' title='bbox 337 523 472 594; x_wconf 83' lang='lat' dir='ltr'><strong>auctura</strong></span> <span class='ocrx_word' id='word_1_14' title='bbox 486 504 588 572; x_wconf 87' lang='lat' dir='ltr'><strong>duces</strong></span> <span class='ocrx_word' id='word_1_15' title='bbox 599 503 642 570; x_wconf 90' lang='lat' dir='ltr'><strong>ad</strong></span> <span class='ocrx_word' id='word_1_16' title='bbox 655 505 764 572; x_wconf 86' lang='lat' dir='ltr'><strong>sidera</strong></span> <span class='ocrx_word' id='word_1_17' title='bbox 773 507 892 576; x_wconf 83' lang='lat' dir='ltr'><strong>mittut.</strong></span> 
     </span>
    </p>

    <p class='ocr_par' dir='ltr' id='par_1_3' title="bbox 93 611 1147 914">
     <span class='ocr_line' id='line_1_4' title="bbox 94 611 1147 702; baseline 0.002 -25"><span class='ocrx_word' id='word_1_18' title='bbox 94 613 177 678; x_wconf 84' lang='lat' dir='ltr'><strong>Haec</strong></span> <span class='ocrx_word' id='word_1_19' title='bbox 188 613 248 677; x_wconf 92' lang='lat' dir='ltr'><strong>tibi</strong></span> <span class='ocrx_word' id='word_1_20' title='bbox 259 613 486 702; x_wconf 78' lang='lat' dir='ltr'><strong>magnanimos</strong></span> <span class='ocrx_word' id='word_1_21' title='bbox 498 611 635 676; x_wconf 88' lang='lat' dir='ltr'><strong>sublimi</strong></span> <span class='ocrx_word' id='word_1_22' title='bbox 644 611 739 700; x_wconf 90' lang='lat' dir='ltr'><strong>prole</strong></span> <span class='ocrx_word' id='word_1_23' title='bbox 751 631 891 702; x_wconf 89' lang='lat' dir='ltr'><strong>nepotes</strong></span> <span class='ocrx_word' id='word_1_24' title='bbox 1102 631 1147 680; x_wconf 80' lang='lat'><strong>560</strong></span> 
     </span>
     <span class='ocr_line' id='line_1_5' title="bbox 93 717 907 808; baseline 0.007 -26"><span class='ocrx_word' id='word_1_25' title='bbox 93 719 267 799; x_wconf 85' lang='lat' dir='ltr'><strong>Conferet,</strong></span> <span class='ocrx_word' id='word_1_26' title='bbox 281 719 420 808; x_wconf 73' lang='lat' dir='ltr'><strong>egregiis</strong></span> <span class='ocrx_word' id='word_1_27' title='bbox 432 734 540 795; x_wconf 80' lang='lat' dir='ltr'><strong>toturn</strong></span> <span class='ocrx_word' id='word_1_28' title='bbox 553 719 611 808; x_wconf 93' lang='lat' dir='ltr'><strong>qui</strong></span> <span class='ocrx_word' id='word_1_29' title='bbox 621 717 779 784; x_wconf 61' lang='lat' dir='ltr'><strong>,laudibus</strong></span> <span class='ocrx_word' id='word_1_30' title='bbox 791 719 907 788; x_wconf 88' lang='lat' dir='ltr'><strong>orbem</strong></span> 
     </span>
     <span class='ocr_line' id='line_1_6' title="bbox 93 825 909 914; baseline 0.001 -25"><span class='ocrx_word' id='word_1_31' title='bbox 93 825 333 914; x_wconf 88' lang='lat' dir='ltr'><strong>Complebunt,</strong></span> <span class='ocrx_word' id='word_1_32' title='bbox 347 841 522 914; x_wconf 86' lang='lat' dir='ltr'><strong>totumque</strong></span> <span class='ocrx_word' id='word_1_33' title='bbox 535 847 594 890; x_wconf 90' lang='lat' dir='ltr'><strong>sua</strong></span> <span class='ocrx_word' id='word_1_34' title='bbox 605 825 727 890; x_wconf 81' lang='lat' dir='ltr'><strong>virtute</strong></span> <span class='ocrx_word' id='word_1_35' title='bbox 740 843 909 914; x_wconf 91' lang='lat' dir='ltr'><strong>potentes,</strong></span> 
     </span>
    </p>

    <p class='ocr_par' dir='ltr' id='par_1_4' title="bbox 93 930 1009 1129">
     <span class='ocr_line' id='line_1_7' title="bbox 93 930 1009 1022; baseline 0.002 -26"><span class='ocrx_word' id='word_1_36' title='bbox 93 930 163 997; x_wconf 91' lang='lat' dir='ltr'><strong>Sub</strong></span> <span class='ocrx_word' id='word_1_37' title='bbox 172 932 265 1022; x_wconf 76' lang='lat' dir='ltr'><strong>juga,</strong></span> <span class='ocrx_word' id='word_1_38' title='bbox 280 933 489 1021; x_wconf 88' lang='lat' dir='ltr'><strong>victoresque</strong></span> <span class='ocrx_word' id='word_1_39' title='bbox 501 930 651 998; x_wconf 85' lang='lat' dir='ltr'><strong>trahent:</strong></span> <span class='ocrx_word' id='word_1_40' title='bbox 666 953 750 1021; x_wconf 90' lang='lat' dir='ltr'><strong>quos</strong></span> <span class='ocrx_word' id='word_1_41' title='bbox 763 931 1009 1020; x_wconf 76' lang='lat' dir='ltr'><strong>gloriasummo</strong></span> 
     </span>
     <span class='ocr_line' id='line_1_8' title="bbox 93 1038 937 1129; baseline 0 -27"><span class='ocrx_word' id='word_1_42' title='bbox 93 1038 267 1102; x_wconf 81' lang='lat' dir='ltr'>Oceanum</span> <span class='ocrx_word' id='word_1_43' title='bbox 278 1055 478 1127; x_wconf 79' lang='lat' dir='ltr'><strong>transgressa</strong></span> <span class='ocrx_word' id='word_1_44' title='bbox 490 1039 606 1127; x_wconf 73' lang='lat' dir='ltr'><strong>ingens</strong></span> <span class='ocrx_word' id='word_1_45' title='bbox 619 1038 763 1128; x_wconf 75' lang='lat' dir='ltr'><strong>aequabit</strong></span> <span class='ocrx_word' id='word_1_46' title='bbox 774 1039 918 1129; x_wconf 81' lang='lat' dir='ltr'>Olympo</span> <span class='ocrx_word' id='word_1_47' title='bbox 930 1064 937 1102; x_wconf 93' lang='lat'>:</span> 
     </span>
    </p>

    <p class='ocr_par' dir='ltr' id='par_1_5' title="bbox 94 1143 1146 1339">
     <span class='ocr_line' id='line_1_9' title="bbox 94 1143 1146 1233; baseline 0 -26"><span class='ocrx_word' id='word_1_48' title='bbox 94 1145 187 1226; x_wconf 92' lang='lat' dir='ltr'><strong>Quos</strong></span> <span class='ocrx_word' id='word_1_49' title='bbox 199 1143 334 1210; x_wconf 88' lang='lat' dir='ltr'><strong>taudem</strong></span> <span class='ocrx_word' id='word_1_50' title='bbox 346 1146 521 1210; x_wconf 86' lang='lat' dir='ltr'><strong>innumera</strong></span> <span class='ocrx_word' id='word_1_51' title='bbox 531 1144 651 1210; x_wconf 89' lang='lat' dir='ltr'><strong>ardeus</strong></span> <span class='ocrx_word' id='word_1_52' title='bbox 663 1161 740 1233; x_wconf 88' lang='lat' dir='ltr'><strong>post</strong></span> <span class='ocrx_word' id='word_1_53' title='bbox 751 1143 890 1211; x_wconf 82' lang='lat' dir='ltr'>illustria</span> <span class='ocrx_word' id='word_1_54' title='bbox 902 1169 1012 1211; x_wconf 89' lang='lat' dir='ltr'><strong>rerum</strong></span> <span class='ocrx_word' id='word_1_55' title='bbox 1102 1159 1146 1207; x_wconf 81' lang='grc'><strong>555</strong></span> 
     </span>
     <span class='ocr_line' id='line_1_10' title="bbox 95 1249 919 1339; baseline -0.002 -23"><span class='ocrx_word' id='word_1_56' title='bbox 95 1252 196 1316; x_wconf 86' lang='lat' dir='ltr'><strong>Gesta</strong></span> <span class='ocrx_word' id='word_1_57' title='bbox 208 1253 297 1317; x_wconf 86' lang='lat' dir='ltr'>Deos</span> <span class='ocrx_word' id='word_1_58' title='bbox 309 1252 434 1316; x_wconf 87' lang='lat' dir='ltr'><strong>factura</strong></span> <span class='ocrx_word' id='word_1_59' title='bbox 445 1249 546 1316; x_wconf 86' lang='lat' dir='ltr'><strong>vehet</strong></span> <span class='ocrx_word' id='word_1_60' title='bbox 557 1273 659 1339; x_wconf 90' lang='lat' dir='ltr'><strong>super</strong></span> <span class='ocrx_word' id='word_1_61' title='bbox 669 1249 792 1316; x_wconf 77' lang='lat' dir='ltr'>aethera</span> <span class='ocrx_word' id='word_1_62' title='bbox 804 1251 919 1316; x_wconf 78' lang='lat' dir='ltr'><strong>virtus.</strong></span> 
     </span>
    </p>

    <p class='ocr_par' dir='ltr' id='par_1_6' title="bbox 94 1349 894 1444">
     <span class='ocr_line' id='line_1_11' title="bbox 94 1349 894 1444; baseline 0.003 -25"><span class='ocrx_word' id='word_1_63' title='bbox 94 1355 192 1420; x_wconf 89' lang='lat' dir='ltr'><strong>Hanc</strong></span> <span class='ocrx_word' id='word_1_64' title='bbox 203 1355 370 1421; x_wconf 86' lang='lat' dir='ltr'><strong>flammam</strong></span> <span class='ocrx_word' id='word_1_65' title='bbox 382 1373 521 1421; x_wconf 87' lang='lat' dir='ltr'><strong>ventura</strong></span> <span class='ocrx_word' id='word_1_66' title='bbox 532 1372 598 1421; x_wconf 84' lang='lat' dir='ltr'><strong>tuae</strong></span> <span class='ocrx_word' id='word_1_67' title='bbox 610 1356 776 1444; x_wconf 82' lang='lat' dir='ltr'><strong>praeconia</strong></span> <span class='ocrx_word' id='word_1_68' title='bbox 788 1349 894 1444; x_wconf 76' lang='lat' dir='ltr'><strong>gentis</strong></span> 
     </span>
    </p>

    <p class='ocr_par' dir='ltr' id='par_1_7' title="bbox 94 1459 940 1550">
     <span class='ocr_line' id='line_1_12' title="bbox 94 1459 940 1550; baseline 0.002 -26"><span class='ocrx_word' id='word_1_69' title='bbox 94 1461 296 1548; x_wconf 76' lang='lat' dir='ltr'><strong>Designant:</strong></span> <span class='ocrx_word' id='word_1_70' title='bbox 310 1459 374 1526; x_wconf 91' lang='lat' dir='ltr'><strong>hoc</strong></span> <span class='ocrx_word' id='word_1_71' title='bbox 386 1461 606 1549; x_wconf 83' lang='lat' dir='ltr'><strong>Omnipotens</strong></span> <span class='ocrx_word' id='word_1_72' title='bbox 620 1484 638 1526; x_wconf 90' lang='lat' dir='ltr'><strong>e</strong></span> <span class='ocrx_word' id='word_1_73' title='bbox 651 1461 795 1540; x_wconf 80' lang='lat' dir='ltr'><strong>culmine</strong></span> <span class='ocrx_word' id='word_1_74' title='bbox 808 1462 940 1550; x_wconf 77' lang='lat' dir='ltr'><strong>signum</strong></span> 
     </span>
    </p>

    <p class='ocr_par' dir='ltr' id='par_1_8' title="bbox 94 1565 979 1662">
     <span class='ocr_line' id='line_1_13' title="bbox 94 1565 979 1662; baseline 0.001 -31"><span class='ocrx_word' id='word_1_75' title='bbox 94 1565 233 1652; x_wconf 70' lang='lat' dir='ltr'><strong>Sidereo</strong></span> <span class='ocrx_word' id='word_1_76' title='bbox 246 1566 357 1631; x_wconf 89' lang='lat' dir='ltr'><strong>dedit:</strong></span> <span class='ocrx_word' id='word_1_77' title='bbox 370 1583 404 1632; x_wconf 86' lang='lat' dir='ltr'><strong>at</strong></span> <span class='ocrx_word' id='word_1_78' title='bbox 416 1567 626 1662; x_wconf 77' lang='lat' dir='ltr'><strong>tantarumiu</strong></span> <span class='ocrx_word' id='word_1_79' title='bbox 640 1591 778 1633; x_wconf 90' lang='lat' dir='ltr'><strong>munera</strong></span> <span class='ocrx_word' id='word_1_80' title='bbox 790 1566 943 1649; x_wconf 89' lang='lat' dir='ltr'><strong>laudum,</strong></span> <span class='ocrx_word' id='word_1_81' title='bbox 976 1615 979 1622; x_wconf 81' lang='lat'>·</span> 
     </span>
    </p>

    <p class='ocr_par' dir='ltr' id='par_1_9' title="bbox 94 1673 1147 1871">
     <span class='ocr_line' id='line_1_14' title="bbox 95 1673 1147 1765; baseline 0 -29"><span class='ocrx_word' id='word_1_82' title='bbox 95 1673 204 1754; x_wconf 89' lang='lat' dir='ltr'><strong>Quam</strong></span> <span class='ocrx_word' id='word_1_83' title='bbox 217 1674 345 1754; x_wconf 87' lang='lat' dir='ltr'><strong>statuis,</strong></span> <span class='ocrx_word' id='word_1_84' title='bbox 359 1673 628 1742; x_wconf 88' lang='lat' dir='ltr'><strong>dicasanomiue</strong></span> <span class='ocrx_word' id='word_1_85' title='bbox 641 1675 791 1765; x_wconf 75' lang='lat' dir='ltr'><strong>conjugis</strong></span> <span class='ocrx_word' id='word_1_86' title='bbox 802 1674 931 1740; x_wconf 88' lang='lat' dir='ltr'><strong>urbem.</strong></span> <span class='ocrx_word' id='word_1_87' title='bbox 1103 1689 1147 1749; x_wconf 76' lang='lat'><strong>570</strong></span> 
     </span>
     <span class='ocr_line' id='line_1_15' title="bbox 94 1780 847 1871; baseline 0.004 -28"><span class='ocrx_word' id='word_1_88' title='bbox 94 1781 258 1844; x_wconf 84' lang='lat' dir='ltr'><strong>Praeterea</strong></span> <span class='ocrx_word' id='word_1_89' title='bbox 270 1802 379 1846; x_wconf 86' lang='lat' dir='ltr'><strong>sacros</strong></span> <span class='ocrx_word' id='word_1_90' title='bbox 391 1781 492 1871; x_wconf 85' lang='lat' dir='ltr'><strong>Troja</strong></span> <span class='ocrx_word' id='word_1_91' title='bbox 504 1804 543 1845; x_wconf 87' lang='lat' dir='ltr'><strong>ex</strong></span> <span class='ocrx_word' id='word_1_92' title='bbox 554 1780 694 1846; x_wconf 82' lang='lat' dir='ltr'><strong>ardente</strong></span> <span class='ocrx_word' id='word_1_93' title='bbox 708 1785 847 1846; x_wconf 86' lang='lat' dir='ltr'><strong>Penates</strong></span> 
     </span>
    </p>

    <p class='ocr_par' dir='ltr' id='par_1_10' title="bbox 94 1883 901 1973">
     <span class='ocr_line' id='line_1_16' title="bbox 94 1883 901 1973; baseline 0.004 -26"><span class='ocrx_word' id='word_1_94' title='bbox 94 1883 238 1973; x_wconf 88' lang='lat' dir='ltr'><strong>Ereptos</strong></span> <span class='ocrx_word' id='word_1_95' title='bbox 251 1907 415 1973; x_wconf 90' lang='lat' dir='ltr'><strong>compone</strong></span> <span class='ocrx_word' id='word_1_96' title='bbox 428 1908 513 1973; x_wconf 88' lang='lat' dir='ltr'><strong>nova</strong></span> <span class='ocrx_word' id='word_1_97' title='bbox 525 1886 611 1950; x_wconf 90' lang='lat' dir='ltr'><strong>intra</strong></span> <span class='ocrx_word' id='word_1_98' title='bbox 623 1886 758 1967; x_wconf 87' lang='lat' dir='ltr'><strong>moenia,</strong></span> <span class='ocrx_word' id='word_1_99' title='bbox 773 1903 807 1950; x_wconf 91' lang='lat' dir='ltr'><strong>et</strong></span> <span class='ocrx_word' id='word_1_100' title='bbox 817 1884 901 1962; x_wconf 78' lang='lat' dir='ltr'><strong>altos</strong></span> 
     </span>
    </p>

    <p class='ocr_par' dir='ltr' id='par_1_11' title="bbox 93 1988 910 2080">
     <span class='ocr_line' id='line_1_17' title="bbox 93 1988 910 2080; baseline -0.001 -26"><span class='ocrx_word' id='word_1_101' title='bbox 93 1989 188 2054; x_wconf 84' lang='lat' dir='ltr'><strong>Infer</strong></span> <span class='ocrx_word' id='word_1_102' title='bbox 198 1988 240 2054; x_wconf 90' lang='lat' dir='ltr'><strong>ad</strong></span> <span class='ocrx_word' id='word_1_103' title='bbox 253 2007 413 2054; x_wconf 89' lang='lat' dir='ltr'><strong>aeternum</strong></span> <span class='ocrx_word' id='word_1_104' title='bbox 424 2013 597 2058; x_wconf 87' lang='lat' dir='ltr'><strong>mansuros</strong></span> <span class='ocrx_word' id='word_1_105' title='bbox 609 2009 742 2080; x_wconf 89' lang='lat' dir='ltr'><strong>tempus</strong></span> <span class='ocrx_word' id='word_1_106' title='bbox 754 1991 910 2056; x_wconf 88' lang='lat' dir='ltr'><strong>honores.</strong></span> 
     </span>
    </p>

    <p class='ocr_par' dir='ltr' id='par_1_12' title="bbox 93 2093 988 2176">
     <span class='ocr_line' id='line_1_18' title="bbox 93 2093 988 2176; baseline -0.001 -18"><span class='ocrx_word' id='word_1_107' title='bbox 93 2095 154 2174; x_wconf 87' lang='lat' dir='ltr'><strong>Hi,</strong></span> <span class='ocrx_word' id='word_1_108' title='bbox 167 2093 228 2158; x_wconf 88' lang='lat' dir='ltr'><strong>tibi</strong></span> <span class='ocrx_word' id='word_1_109' title='bbox 239 2095 322 2159; x_wconf 85' lang='lat' dir='ltr'><strong>mira</strong></span> <span class='ocrx_word' id='word_1_110' title='bbox 334 2095 452 2176; x_wconf 88' lang='lat' dir='ltr'><strong>feram,</strong></span> <span class='ocrx_word' id='word_1_111' title='bbox 467 2113 558 2161; x_wconf 87' lang='lat' dir='ltr'><strong>tanto</strong></span> <span class='ocrx_word' id='word_1_112' title='bbox 571 2095 662 2162; x_wconf 91' lang='lat' dir='ltr'><strong>urbis</strong></span> <span class='ocrx_word' id='word_1_113' title='bbox 675 2119 788 2162; x_wconf 88' lang='lat' dir='ltr'><strong>amore</strong></span> <span class='ocrx_word' id='word_1_114' title='bbox 802 2095 988 2174; x_wconf 85' lang='lat' dir='ltr'><strong>trahentur,</strong></span> 
     </span>
    </p>

    <p class='ocr_par' dir='ltr' id='par_1_13' title="bbox 94 2201 1145 2292">
     <span class='ocr_line' id='line_1_19' title="bbox 94 2201 1145 2292; baseline -0.003 -27"><span class='ocrx_word' id='word_1_115' title='bbox 94 2201 142 2265; x_wconf 91' lang='lat' dir='ltr'><strong>Ut</strong></span> <span class='ocrx_word' id='word_1_116' title='bbox 155 2203 241 2266; x_wconf 85' lang='lat' dir='ltr'><strong>vecti</strong></span> <span class='ocrx_word' id='word_1_117' title='bbox 253 2201 295 2267; x_wconf 91' lang='lat' dir='ltr'><strong>ad</strong></span> <span class='ocrx_word' id='word_1_118' title='bbox 307 2201 403 2268; x_wconf 91' lang='lat' dir='ltr'><strong>sedes</strong></span> <span class='ocrx_word' id='word_1_119' title='bbox 415 2202 593 2284; x_wconf 80' lang='lat' dir='ltr'><strong>aliae,loca</strong></span> <span class='ocrx_word' id='word_1_120' title='bbox 606 2205 713 2292; x_wconf 86' lang='lat' dir='ltr'><strong>prima</strong></span> <span class='ocrx_word' id='word_1_121' title='bbox 725 2203 840 2268; x_wconf 87' lang='lat' dir='ltr'><strong>Lavini</strong></span> <span class='ocrx_word' id='word_1_122' title='bbox 1101 2217 1145 2278; x_wconf 79' lang='lat'><strong>575</strong></span> 
     </span>
    </p>
   </div>
   <div class='ocr_carea' id='block_1_3' title="bbox 94 2307 1017 2401">
    <p class='ocr_par' dir='ltr' id='par_1_14' title="bbox 94 2307 1017 2401">
     <span class='ocr_line' id='line_1_20' title="bbox 94 2307 1017 2401; baseline -0.003 -27"><span class='ocrx_word' id='word_1_123' title='bbox 94 2308 220 2398; x_wconf 88' lang='lat' dir='ltr'><strong>Sponte</strong></span> <span class='ocrx_word' id='word_1_124' title='bbox 233 2331 291 2374; x_wconf 89' lang='lat' dir='ltr'><strong>sua</strong></span> <span class='ocrx_word' id='word_1_125' title='bbox 303 2325 469 2399; x_wconf 88' lang='lat' dir='ltr'><strong>repetent,</strong></span> <span class='ocrx_word' id='word_1_126' title='bbox 483 2310 670 2401; x_wconf 87' lang='lat' dir='ltr'><strong>iterumque</strong></span> <span class='ocrx_word' id='word_1_127' title='bbox 683 2311 872 2400; x_wconf 88' lang='lat' dir='ltr'><strong>iterumque</strong></span> <span class='ocrx_word' id='word_1_128' title='bbox 884 2307 1017 2372; x_wconf 83' lang='lat' dir='ltr'><strong>reversi.</strong></span> 
     </span>
    </p>
   </div>
   <div class='ocr_carea' id='block_1_4' title="bbox 94 2473 1157 2708">
    <p class='ocr_par' dir='ltr' id='par_1_15' title="bbox 94 2473 1157 2708">
     <span class='ocr_line' id='line_1_21' title="bbox 96 2473 1149 2548; baseline 0.001 -23"><span class='ocrx_word' id='word_1_129' title='bbox 96 2473 260 2546; x_wconf 88' lang='lat' dir='ltr'><strong>quibusdam</strong></span> <span class='ocrx_word' id='word_1_130' title='bbox 271 2489 358 2548; x_wconf 73' lang='lat' dir='ltr'><strong>poet-‘e</strong></span> <span class='ocrx_word' id='word_1_131' title='bbox 370 2476 438 2529; x_wconf 89' lang='lat' dir='ltr'><strong>locis</strong></span> <span class='ocrx_word' id='word_1_132' title='bbox 448 2477 710 2545; x_wconf 56' lang='lat' dir='ltr'><strong>onustam-564.</strong></span> <span class='ocrx_word' id='word_1_133' title='bbox 720 2477 855 2530; x_wconf 81' lang='lat' dir='ltr'><strong>Oceanum</strong></span> <span class='ocrx_word' id='word_1_134' title='bbox 866 2485 1028 2547; x_wconf 76' lang='lat' dir='ltr'><strong>transqressu.</strong></span> <span class='ocrx_word' id='word_1_135' title='bbox 1037 2474 1149 2547; x_wconf 83' lang='lat' dir='ltr'><strong>Propter</strong></span> 
     </span>
     <span class='ocr_line' id='line_1_22' title="bbox 96 2553 1157 2630; baseline 0 -24"><span class='ocrx_word' id='word_1_136' title='bbox 96 2553 217 2607; x_wconf 86' lang='lat' dir='ltr'><strong>devictos</strong></span> <span class='ocrx_word' id='word_1_137' title='bbox 229 2557 385 2622; x_wconf 86' lang='lat' dir='ltr'><strong>Britannos,</strong></span> <span class='ocrx_word' id='word_1_138' title='bbox 399 2575 465 2628; x_wconf 90' lang='lat' dir='ltr'><strong>quos</strong></span> <span class='ocrx_word' id='word_1_139' title='bbox 474 2558 577 2630; x_wconf 81' lang='lat' dir='ltr'><strong>Anglos</strong></span> <span class='ocrx_word' id='word_1_140' title='bbox 586 2576 729 2610; x_wconf 85' lang='lat' dir='ltr'><strong>vocamus:</strong></span> <span class='ocrx_word' id='word_1_141' title='bbox 744 2569 790 2610; x_wconf 90' lang='lat' dir='ltr'><strong>aut</strong></span> <span class='ocrx_word' id='word_1_142' title='bbox 801 2568 913 2628; x_wconf 91' lang='lat' dir='ltr'><strong>propter</strong></span> <span class='ocrx_word' id='word_1_143' title='bbox 925 2554 954 2606; x_wconf 91' lang='lat' dir='ltr'><strong>id</strong></span> <span class='ocrx_word' id='word_1_144' title='bbox 964 2553 1038 2625; x_wconf 91' lang='lat' dir='ltr'><strong>quod</strong></span> <span class='ocrx_word' id='word_1_145' title='bbox 1046 2553 1157 2618; x_wconf 73' lang='lat' dir='ltr'><strong>dictum¹</strong></span> 
     </span>
     <span class='ocr_line' id='line_1_23' title="bbox 94 2636 821 2708; baseline -0.004 -20"><span class='ocrx_word' id='word_1_146' title='bbox 94 2646 137 2688; x_wconf 87' lang='lat' dir='ltr'><strong>est</strong></span> <span class='ocrx_word' id='word_1_147' title='bbox 148 2637 176 2688; x_wconf 92' lang='lat' dir='ltr'><strong>in</strong></span> <span class='ocrx_word' id='word_1_148' title='bbox 186 2638 275 2708; x_wconf 88' lang='lat' dir='ltr'><strong>primo</strong></span> <span class='ocrx_word' id='word_1_149' title='bbox 289 2636 392 2690; x_wconf 81' lang='lat' dir='ltr'><strong>AEneid.</strong></span> <span class='ocrx_word' id='word_1_150' title='bbox 406 2637 440 2689; x_wconf 92' lang='lat' dir='ltr'><strong>de</strong></span> <span class='ocrx_word' id='word_1_151' title='bbox 451 2638 524 2688; x_wconf 89' lang='lat' dir='ltr'><strong>Julio</strong></span> <span class='ocrx_word' id='word_1_152' title='bbox 534 2637 653 2706; x_wconf 78' lang='lat' dir='ltr'><strong>Caesare,</strong></span> <span class='ocrx_word' id='word_1_153' title='bbox 667 2653 715 2706; x_wconf 77' lang='lat'><strong>‚²9¹</strong></span> <span class='ocrx_word' id='word_1_154' title='bbox 730 2658 737 2685; x_wconf 70' lang='grc' dir='ltr'><strong><em>ι</em></strong></span> <span class='ocrx_word' id='word_1_155' title='bbox 819 2697 821 2703; x_wconf 17' lang='grc' dir='ltr'><strong><em>γ</em></strong></span> 
     </span>
    </p>
   </div>
   <div class='ocr_carea' id='block_1_5' title="bbox 199 2747 960 2822">
    <p class='ocr_par' dir='ltr' id='par_1_16' title="bbox 199 2747 960 2822">
     <span class='ocr_line' id='line_1_24' title="bbox 199 2747 960 2822; baseline -0.007 -22"><span class='ocrx_word' id='word_1_156' title='bbox 199 2751 344 2822; x_wconf 85' lang='lat' dir='ltr'><strong>Imperium</strong></span> <span class='ocrx_word' id='word_1_157' title='bbox 354 2750 481 2816; x_wconf 85' lang='lat' dir='ltr'><strong>Oceano,</strong></span> <span class='ocrx_word' id='word_1_158' title='bbox 493 2753 594 2804; x_wconf 80' lang='lat' dir='ltr'><strong>famam</strong></span> <span class='ocrx_word' id='word_1_159' title='bbox 606 2753 652 2822; x_wconf 91' lang='lat' dir='ltr'><strong>qui</strong></span> <span class='ocrx_word' id='word_1_160' title='bbox 665 2750 790 2801; x_wconf 82' lang='lat' dir='ltr'><strong>terminet</strong></span> <span class='ocrx_word' id='word_1_161' title='bbox 803 2749 889 2799; x_wconf 86' lang='lat' dir='ltr'><strong>astris.</strong></span> <span class='ocrx_word' id='word_1_162' title='bbox 927 2747 960 2797; x_wconf 81' lang='lat' dir='ltr'><strong>A.</strong></span> 
     </span>
    </p>
   </div>
   <div class='ocr_carea' id='block_1_6' title="bbox 92 2871 1150 4075">
    <p class='ocr_par' dir='ltr' id='par_1_17' title="bbox 92 2871 1150 4075">
     <span class='ocr_line' id='line_1_25' title="bbox 92 2871 1148 2946; baseline -0.003 -20"><span class='ocrx_word' id='word_1_163' title='bbox 92 2874 129 2926; x_wconf 87' lang='lat' dir='ltr'><strong>Et</strong></span> <span class='ocrx_word' id='word_1_164' title='bbox 143 2875 172 2926; x_wconf 89' lang='lat' dir='ltr'><strong>in</strong></span> <span class='ocrx_word' id='word_1_165' title='bbox 187 2873 257 2926; x_wconf 87' lang='lat' dir='ltr'><strong>libro</strong></span> <span class='ocrx_word' id='word_1_166' title='bbox 275 2877 327 2939; x_wconf 88' lang='lat' dir='ltr'><strong>VI,</strong></span> <span class='ocrx_word' id='word_1_167' title='bbox 344 2875 447 2927; x_wconf 81' lang='lat' dir='ltr'><strong>AEueid.</strong></span> <span class='ocrx_word' id='word_1_168' title='bbox 465 2895 490 2928; x_wconf 85' lang='lat' dir='ltr'><strong>v.</strong></span> <span class='ocrx_word' id='word_1_169' title='bbox 510 2877 576 2946; x_wconf 80' lang='lat'>7813</span> <span class='ocrx_word' id='word_1_170' title='bbox 595 2875 628 2928; x_wconf 89' lang='lat' dir='ltr'><strong>de</strong></span> <span class='ocrx_word' id='word_1_171' title='bbox 644 2877 729 2927; x_wconf 85' lang='lat' dir='ltr'><strong>Roma</strong></span> <span class='ocrx_word' id='word_1_172' title='bbox 742 2872 859 2944; x_wconf 77' lang='lat' dir='ltr'><strong>inclyta,</strong></span> <span class='ocrx_word' id='word_1_173' title='bbox 877 2887 935 2941; x_wconf 84' lang='lat' dir='ltr'><strong>quae</strong></span> <span class='ocrx_word' id='word_1_174' title='bbox 953 2871 1076 2940; x_wconf 84' lang='lat' dir='ltr'><strong>auspiciis</strong></span> <span class='ocrx_word' id='word_1_175' title='bbox 1093 2873 1148 2942; x_wconf 83' lang='lat' dir='ltr'><strong>llo-</strong></span> 
     </span>
     <span class='ocr_line' id='line_1_26' title="bbox 92 2949 1149 3028; baseline -0.004 -22"><span class='ocrx_word' id='word_1_176' title='bbox 92 2953 177 3020; x_wconf 90' lang='lat' dir='ltr'><strong>muli,</strong></span> <span class='ocrx_word' id='word_1_177' title='bbox 194 2955 334 3026; x_wconf 79' lang='lat' dir='ltr'><strong>imperium</strong></span> <span class='ocrx_word' id='word_1_178' title='bbox 353 2955 443 3020; x_wconf 80' lang='lat' dir='ltr'><strong>terris,</strong></span> <span class='ocrx_word' id='word_1_179' title='bbox 461 2955 563 3007; x_wconf 78' lang='lat' dir='ltr'><strong>animos</strong></span> <span class='ocrx_word' id='word_1_180' title='bbox 575 2955 693 3028; x_wconf 82' lang='lat' dir='ltr'><strong>oequubt&#39;t</strong></span> <span class='ocrx_word' id='word_1_181' title='bbox 709 2951 831 3024; x_wconf 79' lang='lat' dir='ltr'><strong>Olympo.</strong></span> <span class='ocrx_word' id='word_1_182' title='bbox 845 2980 881 2990; x_wconf 92' lang='lat'>-</span> <span class='ocrx_word' id='word_1_183' title='bbox 893 2950 952 3018; x_wconf 86' lang='lat'>567.</span> <span class='ocrx_word' id='word_1_184' title='bbox 973 2949 1052 3001; x_wconf 86' lang='lat' dir='ltr'><strong>Hane</strong></span> <span class='ocrx_word' id='word_1_185' title='bbox 1060 2951 1149 3026; x_wconf 81' lang='lat' dir='ltr'><strong>flum-</strong></span> 
     </span>
     <span class='ocr_line' id='line_1_27' title="bbox 92 3030 1149 3108; baseline -0.001 -22"><span class='ocrx_word' id='word_1_186' title='bbox 92 3053 169 3086; x_wconf 82' lang='lat' dir='ltr'><strong>mam</strong></span> <span class='ocrx_word' id='word_1_187' title='bbox 186 3045 298 3087; x_wconf 83' lang='lat' dir='ltr'><strong>ventura</strong></span> <span class='ocrx_word' id='word_1_188' title='bbox 316 3047 368 3088; x_wconf 77' lang='lat' dir='ltr'><strong>tute</strong></span> <span class='ocrx_word' id='word_1_189' title='bbox 386 3037 518 3106; x_wconf 77' lang='lat' dir='ltr'><strong>preconia</strong></span> <span class='ocrx_word' id='word_1_190' title='bbox 537 3037 624 3108; x_wconf 70' lang='lat' dir='ltr'><strong>qentis</strong></span> <span class='ocrx_word' id='word_1_191' title='bbox 641 3036 795 3108; x_wconf 66' lang='lat' dir='ltr'><strong>desipuerit,</strong></span> <span class='ocrx_word' id='word_1_192' title='bbox 813 3030 925 3085; x_wconf 87' lang='lat' dir='ltr'><strong>Videtur</strong></span> <span class='ocrx_word' id='word_1_193' title='bbox 940 3031 1104 3104; x_wconf 74' lang='lat' dir='ltr'><strong>Hypallage,</strong></span> <span class='ocrx_word' id='word_1_194' title='bbox 1120 3044 1149 3085; x_wconf 86' lang='lat' dir='ltr'><strong>ut</strong></span> 
     </span>
     <span class='ocr_line' id='line_1_28' title="bbox 94 3113 1149 3188; baseline -0.003 -19"><span class='ocrx_word' id='word_1_195' title='bbox 94 3117 130 3169; x_wconf 85' lang='lat' dir='ltr'><strong>sit</strong></span> <span class='ocrx_word' id='word_1_196' title='bbox 141 3134 191 3186; x_wconf 92' lang='lat' dir='ltr'><strong>pro</strong></span> <span class='ocrx_word' id='word_1_197' title='bbox 204 3134 236 3168; x_wconf 88' lang='lat' dir='ltr'><strong>eo</strong></span> <span class='ocrx_word' id='word_1_198' title='bbox 254 3115 328 3188; x_wconf 89' lang='lat' dir='ltr'><strong>quod</strong></span> <span class='ocrx_word' id='word_1_199' title='bbox 345 3129 400 3184; x_wconf 87' lang='lat' dir='ltr'><strong>est,</strong></span> <span class='ocrx_word' id='word_1_200' title='bbox 419 3116 476 3169; x_wconf 76' lang='lat' dir='ltr'><strong>haeo</strong></span> <span class='ocrx_word' id='word_1_201' title='bbox 490 3116 596 3168; x_wconf 80' lang='lat' dir='ltr'><strong>flemma</strong></span> <span class='ocrx_word' id='word_1_202' title='bbox 613 3115 736 3187; x_wconf 75' lang='lat' dir='ltr'><strong>designat</strong></span> <span class='ocrx_word' id='word_1_203' title='bbox 749 3114 883 3187; x_wconf 73' lang='lat' dir='ltr'><strong>preconia</strong></span> <span class='ocrx_word' id='word_1_204' title='bbox 901 3123 952 3162; x_wconf 82' lang='lat' dir='ltr'><strong>tuae</strong></span> <span class='ocrx_word' id='word_1_205' title='bbox 966 3113 1060 3184; x_wconf 78' lang='lat' dir='ltr'><strong>gentis.</strong></span> <span class='ocrx_word' id='word_1_206' title='bbox 1077 3115 1149 3166; x_wconf 86' lang='lat' dir='ltr'><strong>Dicit</strong></span> 
     </span>
     <span class='ocr_line' id='line_1_29' title="bbox 93 3194 1147 3270; baseline -0.004 -19"><span class='ocrx_word' id='word_1_207' title='bbox 93 3209 207 3251; x_wconf 83' lang='lat' dir='ltr'><strong>autem:</strong></span> <span class='ocrx_word' id='word_1_208' title='bbox 229 3199 296 3250; x_wconf 82' lang='lat' dir='ltr'><strong>Deos</strong></span> <span class='ocrx_word' id='word_1_209' title='bbox 310 3196 441 3270; x_wconf 78' lang='lat' dir='ltr'><strong>factura,</strong></span> <span class='ocrx_word' id='word_1_210' title='bbox 459 3196 535 3249; x_wconf 83' lang='lat' dir='ltr'><strong>veliet</strong></span> <span class='ocrx_word' id='word_1_211' title='bbox 550 3215 629 3270; x_wconf 82' lang='lat' dir='ltr'><strong>super</strong></span> <span class='ocrx_word' id='word_1_212' title='bbox 647 3195 744 3249; x_wconf 71' lang='lat' dir='ltr'><strong>ethera</strong></span> <span class='ocrx_word' id='word_1_213' title='bbox 765 3195 854 3247; x_wconf 82' lang='lat' dir='ltr'><strong>virtus.</strong></span> <span class='ocrx_word' id='word_1_214' title='bbox 875 3196 987 3263; x_wconf 84' lang='lat' dir='ltr'><strong>Propter</strong></span> <span class='ocrx_word' id='word_1_215' title='bbox 1005 3194 1147 3247; x_wconf 84' lang='lat' dir='ltr'><strong>Romulum</strong></span> 
     </span>
     <span class='ocr_line' id='line_1_30' title="bbox 93 3272 1150 3350; baseline -0.007 -18"><span class='ocrx_word' id='word_1_216' title='bbox 93 3290 123 3332; x_wconf 90' lang='lat' dir='ltr'><strong>et</strong></span> <span class='ocrx_word' id='word_1_217' title='bbox 140 3278 241 3329; x_wconf 77' lang='lat' dir='ltr'><strong>lulium</strong></span> <span class='ocrx_word' id='word_1_218' title='bbox 260 3278 407 3346; x_wconf 71' lang='lat' dir='ltr'><strong>cesarem,</strong></span> <span class='ocrx_word' id='word_1_219' title='bbox 426 3295 494 3350; x_wconf 90' lang='lat' dir='ltr'><strong>quos</strong></span> <span class='ocrx_word' id='word_1_220' title='bbox 512 3280 539 3331; x_wconf 92' lang='lat' dir='ltr'><strong>iu</strong></span> <span class='ocrx_word' id='word_1_221' title='bbox 555 3279 626 3331; x_wconf 83' lang='lat' dir='ltr'><strong>Deos</strong></span> <span class='ocrx_word' id='word_1_222' title='bbox 646 3276 790 3329; x_wconf 84' lang='lat' dir='ltr'><strong>translatos</strong></span> <span class='ocrx_word' id='word_1_223' title='bbox 811 3275 921 3346; x_wconf 73' lang='lat' dir='ltr'><strong>fingunt.</strong></span> <span class='ocrx_word' id='word_1_224' title='bbox 939 3273 971 3323; x_wconf 75' lang='lat' dir='ltr'><strong>A,</strong></span> <span class='ocrx_word' id='word_1_225' title='bbox 987 3301 1021 3312; x_wconf 91' lang='lat'><strong>--</strong></span> <span class='ocrx_word' id='word_1_226' title='bbox 1040 3272 1100 3345; x_wconf 81' lang='lat'><strong>569.</strong></span> <span class='ocrx_word' id='word_1_227' title='bbox 1121 3286 1150 3325; x_wconf 85' lang='lat' dir='ltr'><strong>at</strong></span> 
     </span>
     <span class='ocr_line' id='line_1_31' title="bbox 94 3354 1148 3421; baseline -0.003 -12"><span class='ocrx_word' id='word_1_228' title='bbox 94 3367 231 3409; x_wconf 76' lang='lat' dir='ltr'><strong>tantorum</strong></span> <span class='ocrx_word' id='word_1_229' title='bbox 250 3358 278 3410; x_wconf 80' lang='lat' dir='ltr'><strong>itt</strong></span> <span class='ocrx_word' id='word_1_230' title='bbox 294 3377 404 3410; x_wconf 83' lang='lat' dir='ltr'><strong>munera</strong></span> <span class='ocrx_word' id='word_1_231' title='bbox 423 3357 542 3410; x_wconf 79' lang='lat' dir='ltr'><strong>laudum.</strong></span> <span class='ocrx_word' id='word_1_232' title='bbox 556 3357 600 3410; x_wconf 82' lang='lat' dir='ltr'><strong>sio</strong></span> <span class='ocrx_word' id='word_1_233' title='bbox 615 3359 704 3410; x_wconf 85' lang='lat' dir='ltr'><strong>verior</strong></span> <span class='ocrx_word' id='word_1_234' title='bbox 716 3369 755 3409; x_wconf 87' lang='lat' dir='ltr'><strong>est</strong></span> <span class='ocrx_word' id='word_1_235' title='bbox 774 3355 870 3409; x_wconf 86' lang='lat' dir='ltr'><strong>lectio:</strong></span> <span class='ocrx_word' id='word_1_236' title='bbox 888 3365 918 3404; x_wconf 90' lang='lat' dir='ltr'><strong>ut</strong></span> <span class='ocrx_word' id='word_1_237' title='bbox 930 3354 963 3403; x_wconf 89' lang='lat' dir='ltr'><strong>sit</strong></span> <span class='ocrx_word' id='word_1_238' title='bbox 977 3354 1005 3404; x_wconf 90' lang='lat' dir='ltr'><strong>in</strong></span> <span class='ocrx_word' id='word_1_239' title='bbox 1021 3371 1148 3421; x_wconf 84' lang='lat' dir='ltr'><strong>munera,</strong></span> 
     </span>
     <span class='ocr_line' id='line_1_32' title="bbox 95 3433 1149 3511; baseline -0.004 -22"><span class='ocrx_word' id='word_1_240' title='bbox 95 3434 132 3489; x_wconf 86' lang='lat' dir='ltr'><strong>ad</strong></span> <span class='ocrx_word' id='word_1_241' title='bbox 146 3454 274 3503; x_wconf 84' lang='lat' dir='ltr'><strong>munere,</strong></span> <span class='ocrx_word' id='word_1_242' title='bbox 291 3437 348 3489; x_wconf 79' lang='lat' dir='ltr'><strong>lieu</strong></span> <span class='ocrx_word' id='word_1_243' title='bbox 361 3451 415 3503; x_wconf 87' lang='lat' dir='ltr'><strong>est,</strong></span> <span class='ocrx_word' id='word_1_244' title='bbox 428 3457 478 3511; x_wconf 85' lang='lat' dir='ltr'><strong>pro</strong></span> <span class='ocrx_word' id='word_1_245' title='bbox 496 3457 604 3490; x_wconf 82' lang='lat' dir='ltr'><strong>munere</strong></span> <span class='ocrx_word' id='word_1_246' title='bbox 620 3451 755 3490; x_wconf 84' lang='lat' dir='ltr'><strong>tantarum</strong></span> <span class='ocrx_word' id='word_1_247' title='bbox 769 3434 897 3496; x_wconf 68' lang='lat' dir='ltr'><strong>laudum</strong></span> <span class='ocrx_word' id='word_1_248' title='bbox 914 3445 954 3485; x_wconf 88' lang='lat' dir='ltr'><strong>est</strong></span> <span class='ocrx_word' id='word_1_249' title='bbox 970 3433 997 3482; x_wconf 91' lang='lat' dir='ltr'><strong>in</strong></span> <span class='ocrx_word' id='word_1_250' title='bbox 1011 3436 1149 3504; x_wconf 73' lang='lat' dir='ltr'><strong>praemium</strong></span> 
     </span>
     <span class='ocr_line' id='line_1_33' title="bbox 95 3513 1148 3592; baseline -0.001 -23"><span class='ocrx_word' id='word_1_251' title='bbox 95 3529 178 3569; x_wconf 69' lang='lat' dir='ltr'><strong>tante</strong></span> <span class='ocrx_word' id='word_1_252' title='bbox 194 3518 303 3584; x_wconf 87' lang='lat' dir='ltr'><strong>laudis,</strong></span> <span class='ocrx_word' id='word_1_253' title='bbox 321 3539 379 3591; x_wconf 85' lang='lat' dir='ltr'><strong>quse</strong></span> <span class='ocrx_word' id='word_1_254' title='bbox 396 3522 445 3573; x_wconf 90' lang='lat' dir='ltr'><strong>tibi</strong></span> <span class='ocrx_word' id='word_1_255' title='bbox 461 3539 509 3592; x_wconf 89' lang='lat' dir='ltr'><strong>per</strong></span> <span class='ocrx_word' id='word_1_256' title='bbox 526 3521 664 3573; x_wconf 81' lang='lat' dir='ltr'><strong>Lavinium</strong></span> <span class='ocrx_word' id='word_1_257' title='bbox 684 3518 871 3592; x_wconf 86' lang='lat' dir='ltr'><strong>portenditur,</strong></span> <span class='ocrx_word' id='word_1_258' title='bbox 890 3513 1005 3568; x_wconf 88' lang='lat' dir='ltr'><strong>donabis</strong></span> <span class='ocrx_word' id='word_1_259' title='bbox 1022 3535 1081 3568; x_wconf 89' lang='lat' dir='ltr'><strong>eam</strong></span> <span class='ocrx_word' id='word_1_260' title='bbox 1095 3515 1148 3569; x_wconf 88' lang='lat' dir='ltr'><strong>hoe</strong></span> 
     </span>
     <span class='ocr_line' id='line_1_34' title="bbox 93 3595 1146 3672; baseline 0 -25"><span class='ocrx_word' id='word_1_261' title='bbox 93 3595 215 3663; x_wconf 85' lang='lat' dir='ltr'><strong>honore,</strong></span> <span class='ocrx_word' id='word_1_262' title='bbox 230 3611 349 3671; x_wconf 86' lang='lat' dir='ltr'><strong>utquam</strong></span> <span class='ocrx_word' id='word_1_263' title='bbox 361 3603 454 3652; x_wconf 87' lang='lat' dir='ltr'><strong>statuis</strong></span> <span class='ocrx_word' id='word_1_264' title='bbox 466 3601 575 3666; x_wconf 89' lang='lat' dir='ltr'><strong>urbem,</strong></span> <span class='ocrx_word' id='word_1_265' title='bbox 589 3600 623 3654; x_wconf 86' lang='lat' dir='ltr'><strong>ab</strong></span> <span class='ocrx_word' id='word_1_266' title='bbox 634 3603 690 3672; x_wconf 83' lang='lat' dir='ltr'><strong>ejus</strong></span> <span class='ocrx_word' id='word_1_267' title='bbox 702 3600 810 3651; x_wconf 91' lang='lat' dir='ltr'><strong>nomine</strong></span> <span class='ocrx_word' id='word_1_268' title='bbox 820 3595 963 3650; x_wconf 61' lang='lat' dir='ltr'><strong>asinium</strong></span> <span class='ocrx_word' id='word_1_269' title='bbox 974 3595 1103 3666; x_wconf 81' lang='lat' dir='ltr'><strong>appelles.</strong></span> <span class='ocrx_word' id='word_1_270' title='bbox 1114 3597 1146 3647; x_wconf 86' lang='grc' dir='ltr'><strong>Δ.</strong></span> 
     </span>
     <span class='ocr_line' id='line_1_35' title="bbox 96 3675 1147 3754; baseline -0.004 -25"><span class='ocrx_word' id='word_1_271' title='bbox 96 3675 159 3748; x_wconf 74' lang='grc'><strong>574.</strong></span> <span class='ocrx_word' id='word_1_272' title='bbox 172 3679 211 3730; x_wconf 79' lang='grc' dir='ltr'><strong><em>Ηί</em></strong></span> <span class='ocrx_word' id='word_1_273' title='bbox 220 3679 285 3750; x_wconf 77' lang='lat' dir='ltr'><strong>(titt</strong></span> <span class='ocrx_word' id='word_1_274' title='bbox 296 3683 476 3754; x_wconf 75' lang='lat' dir='ltr'><strong>miraferam)</strong></span> <span class='ocrx_word' id='word_1_275' title='bbox 490 3691 578 3748; x_wconf 86' lang='lat' dir='ltr'><strong>tanto,</strong></span> <span class='ocrx_word' id='word_1_276' title='bbox 592 3695 642 3734; x_wconf 91' lang='lat' dir='ltr'><strong>etc.</strong></span> <span class='ocrx_word' id='word_1_277' title='bbox 655 3679 823 3733; x_wconf 84' lang='lat' dir='ltr'><strong>Parenthesis</strong></span> <span class='ocrx_word' id='word_1_278' title='bbox 838 3689 894 3742; x_wconf 84' lang='lat' dir='ltr'><strong>est,</strong></span> <span class='ocrx_word' id='word_1_279' title='bbox 906 3675 954 3728; x_wconf 79' lang='lat' dir='ltr'><strong>ribi</strong></span> <span class='ocrx_word' id='word_1_280' title='bbox 963 3675 1147 3748; x_wconf 72' lang='lat' dir='ltr'><strong>miseseram,</strong></span> 
     </span>
     <span class='ocr_line' id='line_1_36' title="bbox 97 3757 1149 3830; baseline -0.003 -22"><span class='ocrx_word' id='word_1_281' title='bbox 97 3758 222 3811; x_wconf 85' lang='lat' dir='ltr'><strong>miranda</strong></span> <span class='ocrx_word' id='word_1_282' title='bbox 233 3759 336 3814; x_wconf 84' lang='lat' dir='ltr'><strong>dicam:</strong></span> <span class='ocrx_word' id='word_1_283' title='bbox 348 3781 410 3814; x_wconf 87' lang='lat' dir='ltr'><strong>nam</strong></span> <span class='ocrx_word' id='word_1_284' title='bbox 423 3763 490 3814; x_wconf 89' lang='lat' dir='ltr'><strong>ordo</strong></span> <span class='ocrx_word' id='word_1_285' title='bbox 503 3775 560 3814; x_wconf 87' lang='lat' dir='ltr'><strong>est:</strong></span> <span class='ocrx_word' id='word_1_286' title='bbox 573 3761 617 3829; x_wconf 89' lang='lat' dir='ltr'><strong>hi,</strong></span> <span class='ocrx_word' id='word_1_287' title='bbox 630 3762 730 3814; x_wconf 85' lang='lat' dir='ltr'><strong>seilicet</strong></span> <span class='ocrx_word' id='word_1_288' title='bbox 742 3762 787 3812; x_wconf 90' lang='lat' dir='ltr'><strong>Dii</strong></span> <span class='ocrx_word' id='word_1_289' title='bbox 799 3769 909 3830; x_wconf 89' lang='lat' dir='ltr'><strong>penates</strong></span> <span class='ocrx_word' id='word_1_290' title='bbox 922 3757 1063 3810; x_wconf 88' lang='lat' dir='ltr'><strong>trahentur</strong></span> <span class='ocrx_word' id='word_1_291' title='bbox 1074 3768 1149 3806; x_wconf 85' lang='lat' dir='ltr'><strong>tanto</strong></span> 
     </span>
     <span class='ocr_line' id='line_1_37' title="bbox 97 3840 1149 3914; baseline -0.003 -24"><span class='ocrx_word' id='word_1_292' title='bbox 97 3855 189 3890; x_wconf 77' lang='lat' dir='ltr'><strong>umore</strong></span> <span class='ocrx_word' id='word_1_293' title='bbox 201 3840 292 3906; x_wconf 84' lang='lat' dir='ltr'><strong>urbis,</strong></span> <span class='ocrx_word' id='word_1_294' title='bbox 305 3855 335 3894; x_wconf 92' lang='lat' dir='ltr'><strong>ut</strong></span> <span class='ocrx_word' id='word_1_295' title='bbox 347 3845 398 3914; x_wconf 86' lang='lat' dir='ltr'><strong>ipsi</strong></span> <span class='ocrx_word' id='word_1_296' title='bbox 412 3845 480 3895; x_wconf 80' lang='lat' dir='ltr'><strong>vecti</strong></span> <span class='ocrx_word' id='word_1_297' title='bbox 493 3842 527 3896; x_wconf 90' lang='lat' dir='ltr'><strong>ad</strong></span> <span class='ocrx_word' id='word_1_298' title='bbox 537 3843 604 3895; x_wconf 85' lang='lat' dir='ltr'><strong>alias</strong></span> <span class='ocrx_word' id='word_1_299' title='bbox 617 3842 710 3904; x_wconf 86' lang='lat' dir='ltr'><strong>sedes,</strong></span> <span class='ocrx_word' id='word_1_300' title='bbox 723 3853 846 3912; x_wconf 86' lang='lat' dir='ltr'><strong>repetant</strong></span> <span class='ocrx_word' id='word_1_301' title='bbox 857 3855 905 3890; x_wconf 86' lang='lat' dir='ltr'><strong>sua</strong></span> <span class='ocrx_word' id='word_1_302' title='bbox 920 3851 1031 3910; x_wconf 88' lang='lat' dir='ltr'><strong>sponte,</strong></span> <span class='ocrx_word' id='word_1_303' title='bbox 1044 3851 1093 3906; x_wconf 91' lang='lat' dir='ltr'><strong>per</strong></span> <span class='ocrx_word' id='word_1_304' title='bbox 1105 3851 1149 3903; x_wconf 87' lang='lat' dir='ltr'><strong>se,</strong></span> 
     </span>
     <span class='ocr_line' id='line_1_38' title="bbox 95 3915 1147 3992; baseline -0.002 -24"><span class='ocrx_word' id='word_1_305' title='bbox 95 3919 185 3990; x_wconf 83' lang='lat' dir='ltr'><strong>prima</strong></span> <span class='ocrx_word' id='word_1_306' title='bbox 196 3917 289 3972; x_wconf 86' lang='lat' dir='ltr'><strong>Lavini</strong></span> <span class='ocrx_word' id='word_1_307' title='bbox 301 3921 361 3974; x_wconf 86' lang='lat' dir='ltr'><strong>loca</strong></span> <span class='ocrx_word' id='word_1_308' title='bbox 373 3944 381 3984; x_wconf 85' lang='lat'>;</span> <span class='ocrx_word' id='word_1_309' title='bbox 393 3925 495 3976; x_wconf 89' lang='lat' dir='ltr'><strong>scilicet</strong></span> <span class='ocrx_word' id='word_1_310' title='bbox 509 3923 582 3975; x_wconf 89' lang='lat' dir='ltr'><strong>urhis</strong></span> <span class='ocrx_word' id='word_1_311' title='bbox 595 3924 694 3976; x_wconf 85' lang='lat' dir='ltr'><strong>reversi</strong></span> <span class='ocrx_word' id='word_1_312' title='bbox 705 3924 872 3992; x_wconf 88' lang='lat' dir='ltr'><strong>iterumque,</strong></span> <span class='ocrx_word' id='word_1_313' title='bbox 885 3920 1051 3988; x_wconf 90' lang='lat' dir='ltr'><strong>iterumque;</strong></span> <span class='ocrx_word' id='word_1_314' title='bbox 1065 3915 1147 3966; x_wconf 87' lang='lat' dir='ltr'><strong>semel</strong></span> 
     </span>
     <span class='ocr_line' id='line_1_39' title="bbox 99 3992 1149 4075; baseline -0.008 -27"><span class='ocrx_word' id='word_1_315' title='bbox 99 4015 131 4048; x_wconf 82' lang='lat' dir='ltr'><strong>ae</strong></span> <span class='ocrx_word' id='word_1_316' title='bbox 143 3998 256 4064; x_wconf 86' lang='lat' dir='ltr'><strong>iterum,</strong></span> <span class='ocrx_word' id='word_1_317' title='bbox 271 4014 317 4052; x_wconf 85' lang='lat' dir='ltr'><strong>aut</strong></span> <span class='ocrx_word' id='word_1_318' title='bbox 329 4003 424 4055; x_wconf 89' lang='lat' dir='ltr'><strong>iterum</strong></span> <span class='ocrx_word' id='word_1_319' title='bbox 437 4016 518 4075; x_wconf 85' lang='lat' dir='ltr'><strong>atque</strong></span> <span class='ocrx_word' id='word_1_320' title='bbox 531 4005 626 4057; x_wconf 90' lang='lat' dir='ltr'><strong>iterum</strong></span> <span class='ocrx_word' id='word_1_321' title='bbox 637 4025 644 4067; x_wconf 91' lang='lat'>;</span> <span class='ocrx_word' id='word_1_322' title='bbox 658 4001 732 4074; x_wconf 90' lang='lat' dir='ltr'><strong>quod</strong></span> <span class='ocrx_word' id='word_1_323' title='bbox 747 4013 773 4054; x_wconf 90' lang='lat' dir='ltr'><strong>et</strong></span> <span class='ocrx_word' id='word_1_324' title='bbox 787 4002 813 4052; x_wconf 93' lang='lat' dir='ltr'><strong>in</strong></span> <span class='ocrx_word' id='word_1_325' title='bbox 826 3999 943 4050; x_wconf 87' lang='lat' dir='ltr'><strong>historiis</strong></span> <span class='ocrx_word' id='word_1_326' title='bbox 954 3997 1057 4068; x_wconf 76' lang='lat' dir='ltr'><strong>legitur.</strong></span> <span class='ocrx_word' id='word_1_327' title='bbox 1072 3992 1102 4042; x_wconf 78' lang='lat' dir='ltr'><strong>A.</strong></span> <span class='ocrx_word' id='word_1_328' title='bbox 1114 4024 1149 4032; x_wconf 93' lang='lat'>-</span> 
     </span>
    </p>
   </div>
   <div class='ocr_carea' id='block_1_7' title="bbox 0 0 1350 4596">
    <p class='ocr_par' dir='ltr' id='par_1_18' title="bbox 0 0 1350 4596">
     <span class='ocr_line' id='line_1_40' title="bbox 0 0 1350 4596; baseline 0 0"><span class='ocrx_word' id='word_1_329' title='bbox 0 0 1350 4596; x_wconf 95' lang='lat' dir='ltr'><strong> </strong></span> 
     </span>
    </p>
   </div>
  </div>
 </body>
</html>
