2690 4596
462 257 737 325 DIALOGUS.
1058 263 1120 350 407

72 405 170 479 quos
180 378 351 454 facillime
362 387 586 473 mutavisset3
601 408 678 455 non
692 388 856 482 suspicor
864 384 955 484 quid
965 388 1004 456 in
1014 411 1123 485 opere

70 521 144 567 suo
162 495 337 595 refingere
349 494 523 568 voluisset
536 497 728 595 Virgilius,
743 503 850 570 etiam
864 504 893 571 si
907 503 989 572 vitae
1005 504 1122 573 curri-

72 609 206 683 culum
224 615 414 709 spatiosius
432 629 562 684 natura
577 611 734 684 liberalis
753 640 882 712 parens
897 620 1121 688 concesserit.

335 809 560 862 lTALlANUS
585 808 863 862 PHILOLOGUS.

125 953 179 1022 Ita
197 979 343 1027 mecum
364 959 473 1028 ctiam
496 959 677 1048 Quirinus
699 957 880 1028 VISCONTI
900 953 945 1024 de
966 953 1124 1026 breviori

73 1071 285 1141 carminum
304 1097 449 1169 genere,
467 1071 572 1170 quod
592 1076 760 1170 ignorare
781 1096 848 1142 nos
865 1068 1123 1159 contendebat,

75 1180 124 1251 de
135 1187 241 1255 variis
254 1185 407 1284 pedibus
420 1189 534 1284 Epico
547 1185 789 1258 admiscendis
801 1189 930 1283 saepius
945 1184 1122 1256 disseruit.
1150 1280 1153 1284 ,

74 1296 162 1386 Qua
180 1300 329 1395 quidem
346 1306 589 1373 inconstantia
610 1315 644 1372 et
660 1300 862 1372 mobilitate
877 1299 973 1371 nihil
992 1298 1123 1390 levius,

73 1435 125 1480 ne
143 1410 263 1485 dicam
281 1420 445 1514 iniquius
462 1442 535 1487 esse
551 1432 677 1514 potest.
700 1417 769 1488 Sed
790 1419 880 1488 tanti
897 1419 964 1508 viri
981 1439 1125 1486 memo·
1231 1455 1232 1460 κ

74 1528 170 1596 riam
191 1533 374 1626 quiescere
394 1535 574 1618 sinamus,
596 1548 630 1602 et
652 1529 727 1602 frui
752 1530 868 1620 fama,
892 1534 953 1602 cui
974 1529 1126 1628 quidem

75 1644 177 1731 satis,
199 1647 227 1714 si
245 1671 377 1742 parum
393 1651 566 1736 scientiae,
582 1649 685 1734 vixit3
702 1671 779 1717 non
794 1644 855 1717 hic
872 1645 917 1716 de
931 1648 1042 1716 curtis
1058 1642 1128 1716 ali-

74 1773 168 1854 quot
181 1759 343 1832 versibus
358 1766 493 1860 agitur3
509 1761 650 1859 majora
665 1786 878 1858 persequor..

126 1870 184 1940 Tu
206 1899 373 1973 quoque,
397 1876 525 1947 Editor
539 1875 653 1962 bone,
678 1891 718 1945 tu
735 1901 846 1972 quem
865 1898 942 1945 non
960 1873 1070 1947 semel
1086 1876 1125 1945 in

73 1981 210 2056 scholis
228 1990 548 2060 Cameracensibus
567 2004 601 2059 et
617 1988 772 2059 Plessaeis
787 1989 1033 2087 disputantem
1049 1992 1128 2058 sin-

75 2105 193 2172 cerius
217 2103 262 2173 de
283 2102 396 2175 latina
416 2107 531 2201 poesi,
553 2102 801 2200 audaciusque
824 2105 1126 2199 pronuntiantem

75 2214 204 2287 audire
223 2216 346 2308 libuit,
373 2235 414 2290 tu
422 2221 523 2317 juras
543 2224 577 2290 in
596 2216 703 2290 verbu
725 2222 895 2316 magistu·
916 2235 956 2288 tu
976 2242 1127 2316 quoque

75 2328 364 2413 mundandorum
377 2330 500 2405 horum
514 2347 822 2405 commentatorum
838 2357 971 2404 servum
985 2358 1126 2430 gregem

74 2471 179 2516 nunc
194 2473 327 2546 augere
341 2475 418 2520 non
436 2448 600 2522 dubitas?
615 2451 666 2521 Sit
679 2453 729 2520 ita
742 2474 844 2538 sane,
861 2451 1028 2548 quamvis
1045 2475 1125 2522 mc-

74 2559 169 2631 liora
183 2560 228 2633 de
243 2579 276 2634 te
289 2569 519 2661 speraverim.
1038 2651 1041 2658 ,

125 2675 181 2744 En
198 2702 264 2775 ego
280 2677 527 2774 perfectissimi
541 2677 657 2765 illius,
674 2694 716 2747 ut
733 2703 874 2765 narras,
891 2681 1066 2773 poematis
1081 2675 1126 2747 li-

75 2787 188 2860 brum
212 2790 326 2862 allero
344 2793 529 2863 decimum
545 2796 693 2861 tertium
696 2843 859 2862 .........
886 2790 989 2881 Quid
1013 2788 1126 2861 rides?

74 2905 224 2978 Ridenti
240 2931 369 2978 verum
387 2906 506 2978 dicere
522 2905 618 2976 nihil
635 2921 739 2976 vetat.

514 3094 684 3146 EDITOR.

125 3244 279 3342 Nugaris
290 3242 439 3336 scilicct;
452 3249 623 3316 novimus
633 3261 666 3315 et
678 3269 790 3342 quos,
804 3245 918 3332 Musis
931 3240 1123 3340 indignan-

75 3357 193 3447 tibus,
217 3360 459 3433 miserabilem
482 3387 666 3460 pannum,
689 3362 864 3430 Romanae
886 3374 979 3455 togae
1004 3355 1123 3427 unde-

75 3501 225 3573 quaque
243 3503 355 3566 aurp,
382 3504 568 3576 purpura,
599 3478 825 3576 gemmisque
842 3472 1014 3572 fulgenti,
1045 3497 1122 3544 non

75 3591 213 3688 puduit
229 3589 389 3661 adsuere.
404 3591 595 3690 Numquid
611 3592 676 3662 tibi
689 3593 826 3661 veniret
842 3591 1077 3675 inanimum,
1095 3593 1123 3658 si

74 3703 173 3776 forte
186 3708 223 3774 in
241 3731 372 3776 manus
388 3707 572 3794 inciderit,
585 3708 659 3777 Jos.
675 3709 857 3792 Forestus,
872 3728 983 3802 quem
1000 3727 1124 3801 quon-

77 3821 165 3891 dam
184 3844 375 3917 suprcmus
398 3820 618 3918 Reipublicae
635 3819 787 3919 Belgicae
804 3805 947 3891 senatus
964 3816 1123 3889 consiliis

76 3939 153 4008 suis
176 3933 364 4006 assiduum
379 3952 412 4008 et
427 3936 625 4034 prudenter
639 3936 897 4010 deliberantem
914 3933 1121 4024 admiserat3
