2718 4594
324 270 559 336 nualoos
582 272 845 338 Lissaxn.
998 362 1001 366 .
1043 276 1133 348 363,

47 391 163 455 Haud
175 393 269 459 aliter
279 396 364 458 Tros
377 397 507 473 AEneas,
521 411 554 458 et
566 397 714 461 Daunius
727 396 825 463 heros

45 498 273 564 Concurrunt
286 500 419 589 clipeis:
432 501 548 588 ingens
561 501 671 588 fragor
683 503 804 567 aethera
814 504 958 593 conplet.

102 605 259 693 Juppiter
270 607 341 696 ipse
354 606 577 697 duas'aequato
590 608 736 672 examine
749 609 858 674 lances
1061 626 1105 687 725

44 709 221 792 Sustinet,
236 730 269 777 et
280 713 345 777 fata
358 714 489 801 inponit
501 713 629 778 dive'rsa
642 713 802 792 duorum;
892 698 896 706 ¹

42 815 170 896 Quem
181 801 315 882 damnet
326 819 433 897 labor,
448 835 480 883 et
487 843 560 909 ‘quo
572 837 685 909 vergat
697 820 847 908 pondere
858 821 973 884 letum.
1061 835 1063 838 “

44 997 83 1026 ex
99 983 308 1052 interpretamento
320 983 363 1032 τοῦ
376 985 458 1032 hoaut.
470 985 549 1034 lavant
558 988 647 1051 aliquot
658 991 719 1035 Pier.
729 1014 760 1025 -
770 989 823 1052 723.
835 991 889 1035 Νοη
902 987 968 1034 aliter
976 987 1024 1034 duo
1035 988 1105 1034 Goth.

45 1067 76 1098 ct
89 1070 146 1114 pars
158 1057 219 1102 Pier.
231 1059 338 1104 Lavinius
350 1057 414 1106 heros
427 1076 462 1121 pr.
475 1059 559 1106 Moret.
570 1085 602 1096 -
612 1058 664 1120 724,
671 1059 707 1123 fr
717 1077 739 1106 a.
753 1060 832 1123 pulsat
842 1061 943 1124 Oblong.
954 1087 981 1096 -
997 1061 1049 1123 725.
1062 1063 1107 1105 Ju-

43 1129 118 1188 piter
130 1124 168 1171 itte
180 1129 268 1190 bigot,
283 1141 309 1176 ut
320 1133 396 1176 toties.
410 1130 457 1177 vid.
469 1131 523 1186 Vll,
538 1146 587 1176 110.
599 1146 629 1176 ex
639 1134 727 1196 aanine
739 1131 844 1178 Parrhas.
857 1131 926 1176 Goth.
938 1148 988 1193 pn,
1000 1142 1027 1175 ut
1040 1133 1108 1196 toties

45 1195 123 1242 alibi.
140 1207 230 1260 oequato
244 1201 342 1262 pondere
353 1201 422 1248 Goth.
435 1213 488 1248 tert.
497 1227 529 1238 --
538 1217 592 1265 727.
606 1212 646 1249 aut
656 1220 701 1267 quo
713 1201 851 1266 complures.
860 1204 940 1264 scripti
955 1203 1048 1258 uetus„
1059 1213 1109 1248 turn

93 1349 156 1416 725.
171 1349 230 1417 726.
244 1367 303 1420 727.
319 1351 399 1423 Apud
414 1355 560 1405 Homerum
606 1351 1107 1426 letum:praegnansoratiovidenmus

46 1427 154 1478 Jovem
180 1428 238 1481 fata
265 1432 404 1497 Hectoris,
423 1434 511 1504 Ripae,
534 1445 560 1486 et
604 1435 718 1504 primurn
732 1435 765 1487 de
777 1435 939 1506 posteriore,
958 1433 1032 1504 quod
1051 1441 1108 1485 esse

45 1507 170 1559 Achillis
186 1509 262 1584 ¹Iliad.
275 1527 311 1576 χ,
329 1529 379 1584 209
392 1532 465 1585 sqq.,
478 1513 560 1566 Achi-
583 1549 584 1552 =
606 1512 722 1566 debebat
740 1515 866 1590 proprie,
883 1527 944 1566 utra
963 1514 1026 1566 lanx
1042 1531 1109 1584 pon·

45 1605 153 1638 vorum
167 1601 194 1638 et
204 1590 380 1658 Troianorum
389 1593 467 1666 ¹lliad.
483 1594 513 1660 θ,
526 1592 561 1663 69
605 1591 668 1646 dere
676 1607 767 1667 vergat
779 1593 942 1666 (assallivit)
952 1601 1038 1664 eoque
1048 1595 1107 1663 ipso

46 1666 128 1718 libra
145 1669 312 1738 expendere,
328 1673 421 1725 notum
438 1686 494 1726 est:
513 1673 560 1726 sed
604 1687 717 1728 mortem
740 1676 888 1727 denuntiet.
912 1673 993 1725 letum
1017 1676 1107 1744 itaque

47 1747 94 1798 ibi
105 1747 259 1801 alterutrius
271 1752 379 1804 exitium
392 1757 448 1822 jam
461 1756 560 1806 instare
604 1772 654 1824 pro
667 1757 726 1825 ipsa
734 1754 812 1806 lance
822 1755 902 1820 dixit,
913 1771 967 1823 qua
978 1753 1109 1805 inclinata

49 1825 224 1890 declaramr3
235 1830 308 1900 quod
317 1844 445 1901 sequutus
456 1846 495 1886 est
503 1832 561 1884 Mil·
604 1852 675 1885 mors
688 1823 867 1904 subsequitur.
876 1835 935 1891 Jarn
943 1835 1018 1903 prius
1028 1853 1108 1886 mem·

48 1918 139 1957 tonus
151 1908 179 1958 in
195 1909 412 1979 praestantissimo
431 1913 492 1964 loco
510 1912 557 1962 lib.
603 1910 680 1962 brum
692 1930 770 1982 quem
782 1912 891 1962 &must
903 1910 1108 1981 laborequidem

47 1986 110 2050 IV,
123 1985 176 2055 996
186 2004 243 2058 sqq.
256 1989 428 2059 Expresserat
437 1989 508 2042 idem
521 1992 560 2041 in·
602 2007 656 2040 non
671 1990 747 2042 aliter
761 1991 883 2060 accipio,
900 2007 979 2059 quam
998 2002 1027 2039 ut
1045 2009 1109 2042 ean-

48 2077 167 2117 ventum
181 2067 213 2128 ,in
233 2069 383 2120 Memnonis
403 2081 429 2120 et
447 2068 558 2121 Achillis
603 2067 664 2120 dem
689 2070 847 2122 sententiam
881 2087 954 2119 more
986 2085 1034 2118 suo
1066 2069 1108 2121 bis

47 2164 150 2218 pugna
172 2145 310 2220 AEschylus
333 2149 361 2200 in
383 2139 557 2217 Ψυχοσῖιασίφ,
603 2161 719 2219 exponat
735 2160 833 2219 poeta:
852 2165 931 2219 quem
947 2147 1057 2198 damnet
1072 2166 1109 2203 so.

46 2227 108 2277 nisi
126 2225 200 2296 quod
217 2226 283 2296 Knpol
303 2229 475 2282 substituerat
494 2230 558 2282 Ani·
602 2229 678 2296 leto,
698 2226 815 2281 utrume
831 2229 936 2280 duobus
955 2231 1035 2280 morti
1052 2229 1109 2282 des·

48 2323 114 2356 mas
127 2325 133 2354 ε
148 2305 221 2377 quod
233 2323 384 2379 expressum
398 2328 455 2363 esse
468 2311 558 2364 obser-
603 2314 670 2364 tinet
683 2312 778 2381 iniqua
790 2327 838 2360 sua
855 2310 983 2373 fortuna,
998 2309 1108 2361 calami·

46 2397 149 2437 vatum
165 2400 204 2438 est
222 2389 250 2439 in
262 2401 356 2458 patera
366 2391 493 2457 Etrusca,
510 2410 557 2444 seu
601 2404 642 2444 tas
664 2409 734 2452 sua;
758 2408 823 2456 seu,
850 2387 925 2439 tabor
950 2389 1107 2459 simpliciter

45 2466 163 2532 Italica,
183 2469 393 2539 apud'Lanzium
412 2471 509 2542 (Tom.
524 2474 555 2524 ΙΙ.
600 2489 707 2544 pugna,
722 2483 752 2522 ut
768 2466 850 2530 niue,
861 2466 965 2534 μόχθος.
981 2469 1027 2520 Est
1043 2489 1107 2543 ergo

46 2546 151 2619 Saqqio
165 2548 193 2598 di
209 2549 314 2622 Linpua
326 2551 435 2603 Etrusca
446 2573 474 2623 p.
491 2552 557 2622 224)
601 2552 726 2624 vulgare:
739 2563 812 2615 uter,
825 2551 902 2601 lance
918 2549 1046 2601 alterutra
1061 2551 1107 2602 de-

50 2628 361 2701 quamWinclrelmann.
371 2631 406 2682 ad
415 2633 557 2683 Hectorem
602 2650 714 2702 pressa,
736 2631 817 2680 morti
843 2629 997 2680 destinetur.
1019 2629 1106 2680 Video

46 2708 206 2762 referebat:
222 2721 261 2775 at,
274 2708 406 2760 assidente
416 2710 556 2780 Apolline,
603 2711 669 2761 alios
684 2712 722 2760 sic
737 2711 877 2778 accipere,
889 2719 919 2757 ut
932 2709 966 2757 sit
978 2724 1045 2776 pro:
1059 2711 1106 2776 qui

48 2788 134 2842 sedet
154 2787 301 2838 Mercurius
325 2786 425 2839 librans
450 2789 556 2854 lances,
603 2789 744 2840 damnetur
753 2799 778 2838 et
788 2785 1106 2847 addicaturlabori;Sca·

49 2867 157 2939 quibus
172 2862 231 2914 duae
244 2865 345 2915 umbrae
357 2883 404 2917 seu
417 2867 509 2918 animae
525 2867 559 2920 ad
602 2867 670 2938 liger
689 2885 752 2918 vero
770 2885 776 2914 ι
799 2883 815 2915 a
837 2882 890 2934 quo
910 2864 1011 2915 frustra
1028 2865 1107 2916 labor

47 2949 174 3001 formam
185 2943 330 2995 humanam
343 2944 436 2996 effictae
452 2947 559 3016 imposi·
604 2947 772 3016 suscipiatur.
780 2937 906 2995 Nondum
914 2942 1014 2994 damno
1020 2963 1107 3018 meam

47 3040 89 3077 tae
106 3035 182 3084 sunt;
195 3041 287 3075 rerum
299 3021 333 3074 de
345 3021 387 3074 his
398 3023 509 3094 aliisque
521 3044 561 3080 re·
604 3027 743 3076 rationem.
772 3025 806 3074 At
837 3023 942 3074 Servius
973 3026 1108 3076 contraria

48 3094 135 3158 mitio
148 3103 183 3154 ad
194 3102 272 3156 Obss.
285 3103 313 3153 in
329 3101 439 3154 Iliadem
454 3118 488 3167 χ,
503 3120 560 3175 209.
602 3105 696 3172 juncta
711 3102 841 3175 putabat:
856 3124 867 3147 c
880 3101 908 3152 id
927 3112 984 3166 est,
1004 3104 1107 3172 inquit,

49 3186 135 3239 Maro
148 3183 183 3235 ad
199 3183 331 3236 diversum
346 3182 505 3255 phantasma
517 3187 560 3236 ln·
606 3203 685 3255 quern
701 3194 763 3233 voto
781 3180 876 3232 liberet
892 3179 971 3230 labor
987 3180 1109 3250 praelian·

52 3275 188 3332 terpretes
219 3281 333 3314 avocare
358 3261 499 3315 debebat:
526 3263 560 3315 ad
596 3263 653 3327 di,
674 3273 752 3333 parta
773 3261 874 3312 scilicet
893 3261 1006 3312 victoria
1027 3273 1104 3314 eto.»

52 3341 268 3414 magnitudinem
283 3361 378 3416 pugna
396 3354 422 3394 et
434 3356 559 3414 expecta·
603 3344 699 3394 Parum
722 3341 870 3392 luculenter
891 3339 1010 3392 declarat
1031 3361 1106 3393 men·

54 3425 159 3474 tionem
168 3425 274 3488 exitus,
290 3442 369 3494 quam
383 3441 415 3475 ea
431 3423 556 3475 faciebat.
603 3433 656 3474 tem
663 3421 857 3473 Grammaticus
869 3439 876 3482 ;
889 3419 941 3470 hoo
952 3421 1022 3470 enim
1032 3421 1103 3490 vult,

54 3503 121 3555 Non
137 3499 219 3551 modo
237 3500 358 3556 homines
376 3505 497 3574 suspensi
515 3522 559 3556 ex·
603 3517 632 3554 ut
644 3505 692 3556 sit:
704 3522 799 3575 quem,
812 3501 839 3554 h.
852 3515 956 3565 utrum,
966 3504 1021 3553 voti
1031 3502 1104 3555 dam-

55 3592 182 3653 pectaut,
195 3579 242 3632 sed
254 3582 305 3651 ipsi
315 3582 368 3643 dii;
386 3585 443 3652 ipse
454 3584 560 3653 Jupiter
603 3597 648 3636 net
666 3603 775 3657 pugna:
794 3595 823 3632 ut
842 3600 924 3652 supra
939 3580 995 3634 Ecl.
1013 3583 1049 3649 V,
1070 3585 1104 3637 80

56 3660 127 3713 libra
153 3662 328 3732 pugnantium
353 3663 407 3712 lata
429 3666 559 3730 trutinat,
605 3665 730 3716 damnare
750 3662 831 3723 sotis;
850 3661 877 3714 h.
901 3680 923 3713 e.
949 3679 1105 3730 successus,

57 3739 107 3792 sed
119 3759 195 3811 aqua
210 3737 297 3791 adhuc
316 3739 393 3792 lance
411 3744 506 3794 necin
525 3743 560 3796 al·
604 3757 714 3796 eventus
734 3759 837 3814 pugnae.
857 3739 909 3794 Sed
928 3759 961 3794 an
980 3743 1106 3795 ᾱαηιηανε

58 3833 187 3874 terutram
198 3832 302 3892 partem
319 3839 461 3893 propensa.
477 3824 560 3893 Quem
604 3823 640 3874 ita
663 3821 784 3875 absolute
804 3841 819 3874 a
835 3835 915 3892 poeta
932 3821 1033 3875 dictum
1053 3825 1103 3888 sit,

61 3901 167 3954 damnet
178 3899 266 3968 labor,
283 3917 335 3972 quo
350 3911 440 3974 serpat
446 3903 560 3973 pondere
604 3915 675 3956 recte
685 3901 798 3956 dubites.
807 3899 1013 3975 ApudMacrob.
1025 3903 1058 3970 V,
1072 3903 1103 3955 13
