2690 4596
384 284 448 348 to
471 281 673 346 struunt
695 280 784 348 xii
1046 287 1114 374 s9r

71 400 138 453 sium
147 400 245 456 flumen
256 422 310 458 nox
319 404 439 460 diremit:
452 403 618 458 desideratus
625 406 732 471 lineas,
740 423 788 459 seu
795 405 869 478 quod
878 423 970 475 casus,
980 426 1027 460 seu
1038 407 1111 478 quod

71 473 174 532 [lumine
186 500 288 536 mersus
299 484 429 554 perierat,
441 501 503 536 mox
518 501 568 555 pro
584 482 679 548 heroe,
695 486 779 554 patris
795 485 838 538 dei
850 485 976 558 Indigetis
988 488 1113 548 nomine,

71 555 121 606 coli
133 562 222 632 coepit.
235 563 273 614 Eo
285 575 407 635 spectant
417 565 476 616 AEn.
493 564 520 628 I,
536 563 590 616 263
608 579 667 632 sqq.
685 561 748 636 dira
764 564 876 616 Didonis
893 567 943 631 IV,
961 565 1013 619 615
1033 583 1072 636 sq.
1086 575 1114 616 et

70 632 140 688 Jovis
152 640 235 692 verba
248 641 310 710 XII,
324 641 532 715 7941udiqstem
545 641 661 694 AErteom
670 642 719 694 scis
732 642 786 714 ipsa
799 653 825 694 et
838 643 902 696 scire
917 644 1008 710 fateris
1018 644 1114 696 Deberi

70 713 130 767 celo
139 731 189 773 etc.
594 773 596 778 ,

102 793 142 848 Ita
153 797 283 854 Ascanius
296 800 414 854 succedit
426 803 454 854 in
465 819 557 874 regno.
569 800 684 856 Obsessa
696 800 761 853 urbs
773 803 913 854 Lavinium
925 803 959 856 ab
975 806 1092 856 Etruscis
1105 827 1111 854 :

70 869 116 924 sed
128 877 239 932 solvitur
249 880 353 934 obsidio
366 881 491 935 morelio
506 881 597 952 praelio
608 881 696 946 Iacto,
709 899 763 952 quo
777 883 921 934 Mezentius
933 883 1032 948 victus,
1046 901 1114 935 caeso

71 945 123 1002 filio
134 954 237 1024 Lauso,
248 978 345 1031 pacem
353 978 414 1012 cum
423 960 539 1012 Ascanio
552 960 626 1012 iacit.
635 958 829 1012 Disertiushsec
838 960 1084 1032 narrataallionys.
1093 962 1114 1026 1,

72 1025 113 1093 54-
126 1031 167 1085 65.
180 1036 219 1088 Ex
230 1039 325 1108 priscis
335 1038 524 1110 scriptoribus,
537 1040 583 1109 qui
592 1037 647 1092 hac
658 1040 696 1092 ita
706 1038 885 1109 tradiderant,
894 1040 923 1090 1..
933 1038 1019 1090 Julius
1027 1038 1115 1090 Cesar

70 1102 115 1157 llb·
127 1111 140 1160 I
151 1125 177 1164 et
188 1113 219 1166 A.
235 1119 384 1170 Postumius
396 1120 425 1171 in
435 1118 481 1173 lib.
496 1119 527 1172 dc
537 1118 652 1170 dventu
668 1120 759 1170 AEneoe
777 1119 898 1183 fuerant,
915 1129 944 1170 ut
961 1136 992 1170 ex
1008 1120 1116 1171 Victore

70 1183 101 1236 0·
114 1188 145 1240 G·
158 1193 189 1245 R.
206 1187 236 1250 ii
251 1196 385 1250 discimus.
402 1198 487 1251 Aside
507 1210 596 1252 autem
612 1200 797 1270 cognoscimus
815 1217 860 1263 ea,
874 1216 932 1269 qua
945 1198 1116 1266 vetustissimi

72 1269 211 1339 scriptores
222 1274 264 1328 liis
275 1275 309 1330 de
321 1277 401 1329 'rebus
414 1277 593 1340 tradiderant;
605 1277 696 1330 Livius
705 1280 775 1330 cuim
787 1280 815 1340 iu
827 1296 924 1350 magna
932 1278 1116 1330 narrationum

71 1342 221 1408 diversitate
234 1369 338 1410 tantum
351 1377 432 1431 unam
448 1361 505 1412 fere
522 1359 656 1429 sequitur,
675 1377 730 1410 non
744 1375 848 1429 semper
867 1376 899 1410 eo
920 1377 979 1412 cum
995 1356 1116 1427 judicio,

71 1445 133 1484 eave
145 1452 206 1486 cum
222 1437 383 1505 subtilitate,
401 1457 459 1510 quae
478 1458 549 1491 nunc
566 1459 582 1490 a
601 1441 731 1510 scriptore
752 1458 840 1492 rerum
857 1440 1004 1511 priscarum
1018 1439 1119 1508 requiri

72 1505 144 1562 solet.
159 1513 225 1580 Quae
240 1517 286 1570 alii
298 1518 404 1584 diversa
415 1518 536 1587 undant,
548 1519 717 1590 potissimum
734 1517 792 1572 baec
811 1529 887 1570 sunt:
907 1519 994 1569 Etiam
1005 1515 1117 1568 alterum

72 1601 130 1638 cum
146 1589 251 1646 Rutulis
265 1596 365 1648 bellum
380 1597 464 1649 Turni
477 1597 544 1648 odiis
562 1609 588 1648 et
606 1597 724 1649 consiliis
739 1596 864 1648 tribuitur
876 1616 891 1647 a
901 1595 977 1647 Livio
988 1596 1014 1661 l,
1026 1613 1055 1660 a,
1072 1597 1117 1664 qui

72 1665 98 1716 in
106 1669 216 1742 reliquis
226 1676 283 1727 iere
294 1695 353 1728 curn
363 1679 490 1750 Dionysio
500 1680 645 1740 consentit;
656 1697 706 1730 nec
715 1677 874 1730 discesserat
884 1677 918 1728 ab
927 1695 959 1728 eo
970 1675 1119 1746 Appianas,

71 1761 197 1814 quantum
217 1771 249 1807 cx
259 1755 394 1828 ¹Excerpto
407 1757 536 1826 Photiauo
551 1757 690 1828 intelligas.
704 1757 877 1820 Mezentium,
890 1773 979 1827 regem
990 1755 1118 1813 Etr-urite,

71 1823 212 1886 Curetibus
222 1848 280 1886 tum
289 1839 486 1908 imperitantem
496 1836 640 1890 traduntet
648 1837 737 1887 Livius
750 1847 777 1886 et
788 1837 912 1908 Dionys,
923 1834 957 1886 de
970 1852 1023 1905 quo
1036 1852 1060 1885 v.
1069 1833 1119 1884 Ex·

71 1923 137 1961 curs.
149 1914 185 1964 Ill
197 1914 232 1967 ad
245 1916 291 1968 lib.
306 1919 373 1969 VIII.
384 1917 585 1988 Euryleontem,
596 1927 699 1968 mutato
711 1917 832 1981 nomine,
850 1915 994 1966 Ascanium
1005 1915 1121 1976 factum,

73 2002 117 2040 seu
134 1992 240 2046 Creusa
257 2013 304 2049 seu
321 1996 436 2048 Lavinia
449 2015 469 2048 s.
483 1999 657 2060 successisse,
675 1995 814 2066 Appianas
833 1994 850 2045 l.
871 2013 894 2046 c.
911 1993 1063 2046 Secundum
1075 1993 1120 2044 Li-

72 2067 141 2120 vium
150 2073 176 2144 l,
186 2075 202 2128 3
214 2092 269 2146 pax
277 2076 346 2126 inter
358 2076 501 2127 Ascanium
513 2076 725 2144 Mezentiumque
735 2075 773 2126 ita
782 2083 958 2136 convenerat,
969 2081 999 2122 ut
1007 2070 1121 2126 Etruscis

72 2145 333 2231 Latinisqucfluvius
341 2153 457 2221 Albula,
470 2173 548 2228 quem
557 2173 628 2206 nunc
642 2152 757 2207 Tiberim
770 2163 877 2220 vomui,
884 2149 953 2225 fluis
963 2162 1031 2204 essct.

105 2229 178 2283 Nihil
190 2233 293 2304 hincnin
304 2235 460 2288 Latinorum
471 2234 551 2289 rebus
565 2233 739 2291 memorabile
752 2233 882 2297 occurrit,
899 2232 951 2286 nisi
963 2228 1036 2300 quod
1048 2245 1120 2280 anuo

73 2311 207 2366 aconffiro
219 2316 330 2369 Lavinio
348 2317 482 2390 trigesimo
499 2315 533 2369 ab
549 2315 664 2368 Ascanio
681 2313 751 2366 Alba
767 2312 905 2378 conditur,
918 2311 979 2362 loco
992 2322 1121 2382 opportu-

72 2387 162 2457 niore,
177 2403 258 2463 quam
271 2397 314 2446 cui
325 2395 464 2448 Lavinium
476 2397 630 2467 impositum
641 2395 739 2446 lucrat.
750 2391 924 2445 Transfertur
935 2390 963 2442 in
976 2406 1035 2440 eam
1047 2388 1122 2460 regni

73 2466 161 2542 sed'ssg
177 2491 337 2549 myrtumque
348 2478 444 2532 abscdc
451 2477 548 2532 Lavini
562 2475 726 2546 Transferet,
735 2472 874 2546 stlouqam
888 2466 973 2522 multa
983 2469 1009 2520 ri
1018 2465 1122 2520 muniet

72 2544 167 2602 Albam
176 2553 236 2608 AEn.
246 2556 271 2622 1,
283 2573 342 2627 ²7⁰·
352 2575 410 2627 ²7¹·
421 2559 529 2608 Mortuo
542 2557 658 2608 Ascanio
668 2547 789 2608 succedit
799 2552 895 2608 Silvius
905 2567 937 2602 ex
946 2548 1058 2600 Lavinia
1067 2561 1122 2596 sus·

73 2643 165 2698 ceptus
178 2634 279 2700 AEneae,
290 2636 408 2708 hincque
424 2637 546 2708 procedit
557 2637 639 2689 series
652 2634 699 2688 illa
710 2653 804 2704 regum
814 2631 995 2692 Albanorum,
1008 2643 1122 2698 quorum

73 2712 183 2763 nomina
194 2729 241 2764 seu
255 2713 353 2766 tradita
369 2713 541 2786 acceperant,
555 2732 616 2779 seu,
633 2726 663 2763 ut
675 2711 761 2763 CCCC
773 2728 905 2768 annorum
919 2705 1061 2760 decursum
1077 2721 1123 2756 ex·

72 2785 191 2854 plerent,
205 2804 326 2861 exparte
341 2793 435 2844 saltem
446 2795 603 2844 invenerant
616 2793 761 2860 scriptores
772 2788 886 2838 Romani
902 2785 1074 2846 vetustiores,
1091 2799 1122 2832 ex

74 2868 171 2936 quibus
178 2867 235 2920 haec
245 2869 344 2924 duxere
352 2872 619 2942 Dionysius‚Livius,
628 2871 721 2920 Victor
728 2867 761 2920 0.
773 2867 804 2919 G.
812 2869 843 2918 li.
853 2877 879 2917 et
887 2861 966 2916 ovid.
979 2863 1043 2912 Met.
1051 2861 1122 2916 XIVs

73 2945 125 3018 609
137 2965 213 3018 sqq,
223 2949 286 3000 item
293 2948 429 3021 syncellus
438 2963 465 3002 et
471 2951 610 3004 Eusebius.
619 2947 779 3002 Memoravit
785 2945 862 3000 Maro
870 2941 992 3005 SiIvium,
1002 2942 1123 3004 Proetum,

75 3027 180 3102 Capyn,
192 3030 369 3084 Numitiorsm
385 3043 412 3084 et
429 3030 540 3084 Silvium
555 3032 684 3084 AEneam:
701 3027 748 3079 lib.
764 3028 813 3092 VI,
827 3025 992 3095 760.···77⁰‚
1008 3021 1123 3111 rupem?

75 3107 148 3162 silvii
159 3112 281 3177 nomine,
294 3110 509 3182 quandoquidem
522 3128 610 3162 omncs
619 3117 790 3180 coqncmeuto
804 3102 883 3157 Siluii
895 3117 977 3173 suque
985 3100 1021 3152 ad
1031 3099 1123 3152 coudr-

76 3198 130 3242 tam
137 3192 249 3250 Romam
258 3190 332 3245 Alboe
342 3201 531 3266 reposuerunt,
541 3189 749 3259 utcstscriptum
757 3181 857 3238 Auual.
868 3177 1019 3252 Pontifiml.
1028 3179 1065 3232 lib
1082 3179 1125 3230 IV

77 3269 149 3338 apud
161 3272 261 3324 Victor.
274 3271 307 3326 Ο.
320 3271 351 3324 G.
364 3273 394 3324 R.
412 3288 453 3342 17.
464 3271 551 3324 Etiam
562 3268 691 3340 Thybris,
705 3267 751 3338 qni
763 3265 821 3318 aliis
833 3261 989 3323 Tiberinus,
1001 3271 1063 3349 aute
1076 3256 1125 3349 La:

77 3349 161 3404 tinunt
172 3363 275 3418 tamen,
287 3365 449 3406 memoretur
465 3351 511 3406 lib.
531 3350 605 3414 VIII,
623 3348 675 3402 330
689 3347 757 3400 Tum
769 3361 855 3418 reyes,
871 3355 995 3412 asperque
1011 3355 1123 3392 smmum

78 3449 182 3506 corpore
193 3435 317 3506 Thybris:
328 3433 354 3486 A
360 3453 413 3507 quo
419 3442 478 3505 pest
486 3429 552 3482 Itali
554 3429 677 3506 fluvium
689 3425 845 3499 cunemine
856 3419 974 3494 Thybrin
985 3417 1124 3510 Diximus.-

78 3515 166 3568 ambit
178 3534 267 3568 verum
282 3526 364 3568 nictus
379 3512 480 3567 Albula
496 3529 598 3566 nomeu.
615 3511 698 3564 Vetus
716 3507 773 3560 haer.
791 3507 843 3558 fuit
858 3510 1075 3554 commemoratio
1091 3496 1125 3548 de

79 3595 182 3648 Tiberis
193 3598 315 3660 uomine3
325 3596 356 3648 L.
369 3595 490 3648 Cincium
502 3606 528 3646 et
541 3593 574 3660 Q.
592 3591 727 3644 Lutatium
738 3586 863 3640 Catulum
875 3593 1011 3636 auctorem
1029 3579 1126 3632 excitat

79 3676 178 3728 Victor.
190 3676 224 3729 Ο.
237 3676 268 3728 G.
281 3678 313 3728 tt.
331 3677 376 3741 rs,
388 3674 422 3727 ad
436 3692 529 3728 eorum
539 3673 632 3726 saltem
642 3669 739 3735 fidem,
755 3683 822 3738 quos
833 3664 915 3717 bomo
925 3661 1071 3732 exscripsit.
1082 3660 1123 3714 CI·

80 3751 187 3827 Dionys.
201 3757 227 3820 1,
240 3753 322 3824 71.st
335 3753 472 3827 Syncellus
487 3772 516 3825 p.
537 3768 583 3821 ¹7¹
598 3752 618 3802 B
632 3761 694 3802 ante
711 3765 739 3802 se
757 3745 853 3798 habuit
863 3753 1000 3794 auctorem
1010 3750 1128 3792 veterem

81 3849 230 3904 cognomen
240 3830 340 3884 Albani
349 3834 405 3902 jam
416 3832 545 3886 Saturnus
554 3832 624 3882 inter
631 3829 740 3882 Latinos
751 3825 854 3878 babuit.
866 3821 908 3874 Ab
920 3818 989 3872 Alba
1001 3834 1127 3907 quoque,

83 3923 211 3984 tanquam
222 3914 311 3984 prisco
320 3911 425 3966 Tiberis
437 3912 560 3976 nomine,
571 3910 667 3964 Albam
678 3909 811 3980 Longam,
826 3905 875 3958 etsi
889 3902 953 3956 satis
964 3899 1043 3988 longe
1056 3915 1070 3946 s
1082 3896 1129 3946 Tt-

82 3989 140 4043 beri
151 4005 295 4058 remotam,
307 4011 405 4048 nomeu
422 3993 556 4063 accepisse
573 3990 737 4044 tradiderant
755 3983 890 4049 nonnulli,
909 3995 938 4034 ut
959 3997 991 4032 ex
1008 3974 1129 4028 D¹0d⁰r⁰

83 4067 170 4126 Siculo
182 4073 318 4147 syncellus
329 4094 356 4146 p.
375 4073 575 4146 19tcnouvtc.
