2724 4600
251 284 310 363 146
496 281 530 342 r.
554 278 785 342 umorum
808 279 1039 349 Mauours

245 404 407 470 Omnibus
420 419 469 468 est
480 402 570 480 vitae,
582 399 641 466 sed
653 401 773 466 famam
786 401 962 468 extendere
974 405 1083 488 santia,

246 514 320 576 Hoc
332 509 459 574 virtutis
472 529 566 595 opus.
578 506 687 596 Trojae
700 505 761 572 sub
773 508 939 574 moenibus
951 509 1024 576 altis

185 627 187 632 '
245 620 311 682 'l'ot
323 616 410 704 gnati
423 613 572 680 cecidere
584 611 700 691 deum,
714 612 793 699 quin
806 612 927 680 occidit
940 639 1006 680 una

244 721 428 810 Sarpedon,
441 742 514 784 mea
528 719 722 807 progenies:
736 718 832 782 etiam
844 741 904 784 sua
916 721 1070 786 Turnum

246 833 322 894 Fata
334 842 466 905 vocant,
479 842 650 913 metasque
663 821 729 888 dati
742 824 946 911 pervenitad
958 828 1030 891 tevi.
1042 857 1055 886 a

244 935 296 1000 Sic
308 935 367 1013 ait,
380 950 478 1021 atque
491 931 605 996 oculos
617 929 814 995 Rutulorum
827 930 932 1020 rejicit
943 932 1039 998 arvis.

244 1045 286 1104 At
298 1039 400 1104 Pallas
413 1037 538 1124 maguis
551 1035 670 1102 emittit
681 1033 805 1100 viribus
817 1033 958 1117 hastam,

244 1145 458 1233 *Vaginaque
471 1164 550 1208 cava
562 1141 745 1228 fulgentem
757 1140 877 1229 deripit
890 1131 1039 1208 ensem*
1241 1161 1283 1224 475

245 1252 304 1317 llla
315 1252 443 1332 volans,
457 1249 604 1314 humeris
617 1265 757 1336 surgunt
769 1272 835 1339 qua
847 1251 991 1338 tegmine
1002 1273 1144 1332 summa,

241 1442 272 1490 cl.
285 1439 315 1486 ad
324 1441 408 1500 Georg.
418 1437 461 1493 111,
474 1435 524 1492 284.
534 1437 559 1480 ln
569 1451 619 1482 voc.
631 1437 700 1491 Stat,
710 1439 846 1493 constituta,
856 1436 983 1498 praefinita,
993 1449 1039 1493 est,
1052 1451 1187 1502 argutantur
1197 1454 1282 1490 reterea

243 1511 390 1556 Grammatici
403 1507 464 1569 apud
476 1506 579 1552 Macrub.
589 1506 611 1562 l,
627 1506 654 1550 16
662 1519 733 1562 extu,
744 1509 810 1568 quani
818 1507 905 1552 dictum
918 1509 947 1552 sit
959 1507 988 1552 ad
998 1507 1094 1554 modum
1105 1507 1148 1555 τοῦ
1155 1507 1222 1568 μηνὸς
1235 1504 1284 1562 ice-

241 1579 311 1640 μένον
325 1596 331 1624 :
347 1587 471 1623 exuemnm
481 1577 540 1622 diem
550 1586 611 1622 stare
623 1576 712 1632 dt‘certs,
720 1581 788 1640 quusi
794 1578 827 1623 ad
833 1593 899 1641 quem
910 1593 952 1640 per
960 1593 1036 1626 curetes
1047 1587 1075 1624 su
1084 1587 1155 1624 tur-
1166 1580 1286 1646 intelligere

243 1649 301 1696 illud
308 1658 368 1696 stare
380 1650 435 1704 dict,
446 1648 479 1693 ad
488 1648 550 1712 quud
559 1647 681 1693 acceditur.
692 1650 740 1694 Nisi
752 1663 829 1694 sanam
840 1652 887 1713 J'am
900 1662 1002 1696 mentem
1012 1648 1117 1696 attuleris
1128 1651 1159 1696 ad
1168 1653 1285 1698 Gramma-

244 1724 313 1776 ticos,
325 1735 378 1765 raro
390 1735 418 1765 er
427 1716 474 1764 illia
486 1720 568 1780 sapiet.
580 1742 611 1753 -
621 1717 675 1774 468.
682 1717 741 1779 fatu
751 1717 820 1763 Goth.
831 1730 882 1764 tert.
893 1720 1005 1780 Expectes
1016 1736 1021 1765 ι
1033 1723 1102 1764 ur'tam
1114 1722 1287 1786 exteuderrfnc·

243 1797 279 1840 tis.
293 1791 339 1839 Sed
350 1803 385 1837 est
395 1786 422 1836 ri
433 1789 506 1840 traice.
516 1792 551 1835 lte
561 1788 606 1834 hoc
615 1789 645 1834 cf.
655 1804 707 1850 aup.
718 1789 747 1834 ad
758 1788 799 1836 lib.
810 1791 854 1846 v1,
865 1790 918 1852 807.
929 1791 969 1836 ubi
979 1803 1042 1837 erat:
1054 1795 1160 1838 vuuatem
1171 1796 1286 1840 extendere

236 1862 316 1928 fucris.
327 1887 360 1896 -
369 1860 434 1920 470..
443 1860 494 1904 Hoc
508 1875 529 1918 q.
546 1857 615 1903 Gotlt.
629 1873 675 1903 tec.
687 1863 773 1920 periere
788 1859 811 1904 d.
826 1859 923 1904 Oudart.
936 1875 979 1922 pro
990 1873 1038 1906 var.
1052 1859 1106 1906 lect.
1121 1866 1186 1925 quati
1198 1865 1257 1909 Pier.
1273 1881 1286 1911 e
1352 1893 1353 1922 3

242 1934 312 1988 tibh,
325 1931 420 1978 alneti.
433 1955 463 1966 -
473 1929 526 1994 471.
538 1930 623 1992 Etiam
636 1930 715 1975 lleina.
726 1932 836 1978 iuvetite
849 1928 945 1976 Mentcl.
957 1944 981 1977 et
989 1929 1041 1976 aliia
1049 1930 1194 1980 melior-ilina.
1207 1935 1252 1982 Sed
1262 1937 1286 1980 in

240 2005 277 2052 his
289 2017 312 2051 et
323 2003 437 2050 similibus
449 2003 558 2048 codicum
569 2003 607 2048 vir
616 1999 664 2046 ulla
676 2017 725 2048 ease
734 2014 811 2064 potest
820 2005 945 2049 auctoritas
955 2019 961 2048 τ
971 2014 995 2049 et
1005 2001 1080 2048 multu
1090 2007 1166 2066 magia·
1171 2017 1287 2052 contenta·

240 2093 311 2124 neum
325 2075 519 2138 argumentationi
534 2089 539 2120 :
554 2073 630 2119 Etiam
644 2075 729 2119 ruma.
748 2075 884 2120 lntercersit
896 2087 992 2137 quoqne
1002 2077 1103 2137 spatium
1117 2074 1215 2139 aliquod
1227 2080 1286 2123 iuter

239 2146 313 2192 'lurni
323 2161 406 2191 necem
420 2156 443 2189 et
454 2157 555 2206 praesens
566 2156 665 2206 tempus.
677 2146 769 2190 Servius
780 2159 786 2190 r
798 2143 878 2199 multi,
895 2146 939 2198 air,
958 2146 1034 2190 litium
1046 2143 1139 2207 legunt,
1152 2159 1177 2192 nt
1189 2149 1218 2192 sit
1231 2161 1285 2192 ecce.

239 2218 366 2277 scripserat
377 2217 468 2261 Servius
479 2229 484 2258 :
497 2214 534 2258 llu
539 2216 596 2276 jam.
609 2237 640 2248 -
649 2213 703 2275 477.
717 2215 776 2258 Fata
790 2222 881 2259 manent
891 2213 982 2277 aliquot
993 2216 1067 2272 Piera,
1080 2218 1148 2262 etiam
1158 2215 1204 2262 hoc
1213 2229 1287 2272 recte,

240 2287 281 2334 sed
291 2285 361 2332 codd.
377 2297 504 2332 cousensus
512 2295 592 2330 tuetur
605 2283 711 2329 alterum.
721 2303 752 2319 -·-
761 2282 816 2347 473.
833 2287 898 2330 turult
909 2289 933 2330 iu
943 2291 1004 2332 aruis
1015 2286 1058 2331 Ed.
1074 2289 1133 2333 ch.
1146 2289 1227 2334 Burin.
1242 2289 1287 2334 No-

240 2357 284 2405 luit
303 2370 385 2420 poeta:
404 2360 466 2402 reicit
483 2357 514 2400 ab
524 2358 592 2400 arou.
603 2377 632 2390 -
642 2353 696 2416 474.
716 2357 822 2401 immittit.
840 2357 937 2402 Oudart.
951 2383 984 2396 -
996 2360 1049 2420 475.
1070 2359 1147 2422 diripit
1165 2371 1288 2422 perperam

239 2429 348 2493 plerique
362 2428 433 2476 codd.
449 2439 472 2474 et
488 2425 543 2472 cdd.
560 2437 613 2471 ante
630 2427 722 2480 Heius,
741 2428 781 2487 qui
796 2424 896 2472 illustrat
910 2428 1017 2491 derr'prre.
1033 2429 1069 2474 De
1083 2429 1128 2475 lmc
1141 2445 1210 2476 versu
1223 2429 1288 2477 valde

241 2500 345 2562 amhigo;
359 2497 443 2543 inutile
460 2497 521 2542 enim
536 2506 559 2540 et
571 2497 671 2540 otiosum
685 2494 730 2540 hoc
745 2495 824 2541 intulit
841 2508 922 2558 poeta;
938 2501 999 2544 entis
1016 2498 1121 2544 nondum
1135 2511 1227 2560 poterat
1241 2513 1288 2544 etse

240 2584 307 2625 usur,
323 2566 492 2630 expectandum
500 2567 575 2619 cuim,
585 2577 611 2609 nt
621 2563 680 2610 alter
693 2565 781 2610 hastam
792 2569 922 2624 emitteret,
936 2569 1012 2616 donec
1025 2573 1122 2631 propius
1131 2569 1256 2624 accedere,
1267 2581 1289 2615 et

240 2642 347 2686 cominus
358 2653 461 2702 pugnare
471 2631 669 2698 portenta-426.
682 2637 779 2682 Variam
791 2639 860 2685 codd.
872 2652 895 2685 et
904 2641 960 2687 edd.
973 2643 1034 2686 inter
1044 2639 1133 2686 tum·
1142 2651 1165 2691 et
1175 2640 1287 2686 tumoris:
1351 2641 1352 2680 i

241 2803 293 2842 tem
306 2806 387 2842 veros.
406 2788 466 2856 467.
485 2787 545 2852 468.
564 2785 616 2856 469
635 2805 667 2838 ex
684 2787 742 2838 Ηο-
789 2787 864 2841 color
873 2810 904 2842 ex
917 2793 994 2844 llum.
1008 2793 1035 2843 in
1048 2791 1184 2844 sententiis
1194 2789 1286 2861 paullo

240 2887 313 2919 mero
326 2866 453 2918 inhaerere
470 2861 562 2918 debuit
579 2879 663 2937 poetae
683 2867 742 2918 oni·
788 2868 899 2922 diversis
920 2870 1001 2944 Odys.
1023 2890 1058 2937 7,
1084 2873 1131 2922 108
1154 2888 1213 2940 sqq.
1235 2868 1288 2921 Alii

240 2944 385 3016 rnoOdyss.
396 2965 425 3008 r,
440 2943 646 3010 328-334,sed
657 2946 740 2997 multo
787 2963 944 3020 comparant
960 2969 991 3001 ex
1008 2949 1082 3002 lliad.
1103 2971 1132 3011 c,
1153 2967 1211 3020 ¹¹7·
1232 2949 1287 3005 1¹8.

238 3025 348 3076 suavius
356 3041 386 3076 ea
395 3021 500 3076 reddita
510 3024 599 3076 verbis
612 3028 741 3078 numeris·
789 3045 851 3099 119,
864 3029 973 3082 Achillis
986 3029 1075 3082 verba.
1085 3061 1117 3070 -
1129 3029 1189 3096 473.
1205 3027 1290 3098 rejicit

240 3121 300 3174 que.
316 3101 384 3152 Tum
402 3103 486 3172 petita
505 3116 544 3153 est
562 3107 693 3157 sententia
709 3125 741 3158 ex
786 3111 861 3178 quasi
873 3121 943 3160 retro
954 3111 1035 3177 jacit,
1047 3103 1119 3156 coitu
1135 3103 1217 3171 rpirrtr
1236 3106 1286 3156 iret

239 3180 333 3232 intimo
356 3182 436 3231 animi
457 3175 566 3233 humani
586 3200 690 3236 sensu:
712 3188 738 3236 iu
785 3183 888 3247 accurri,
909 3201 959 3257 pro
980 3186 1106 3255 vulgari:
1127 3195 1285 3254 retorquet,

240 3262 379 3312 tantavitae
391 3260 521 3313 brevitate
532 3265 572 3314 sui
583 3265 676 3317 saltem
688 3283 741 3316 rne-
785 3269 894 3327 avertit,
908 3277 1043 3333 tamqnam
1053 3281 1069 3312 a
1082 3265 1239 3331 spectaculo
1249 3268 1286 3318 in·

239 3341 351 3390 moriam
369 3352 430 3408 post
444 3341 557 3394 mortem
574 3343 740 3415 aliquamdiu
785 3357 870 3414 grato,
881 3341 952 3412 quod
963 3339 1092 3410 impedire
1102 3359 1152 3393 nec
1159 3343 1227 3410 vult,
1238 3364 1286 3397 nec

240 3421 533 3488 superessemortalium
541 3426 653 3494 quisque
662 3441 741 3492 exop·
785 3433 880 3492 potest.
906 3419 1145 3471 Grammaticorum
1175 3427 1285 3495 argutia

239 3509 277 3550 tat
292 3501 360 3550 inter
369 3519 449 3568 suos,
462 3505 531 3554 inter
542 3506 657 3566 amicos,
672 3505 740 3552 inter
785 3515 865 3569 super
877 3513 983 3562 caussa,
997 3515 1045 3550 cur
1052 3499 1089 3550 dii
1101 3502 1205 3554 vultum
1213 3521 1285 3555 aver·

239 3579 398 3650 populares;
414 3584 491 3634 factis
507 3597 593 3635 autem
605 3582 738 3653 praeclaris
782 3577 950 3640 tant,alienae
958 3591 1028 3630 sunt
1037 3581 1087 3632 lul.
1099 3581 1157 3632 AEn.
1168 3582 1225 3645 Xll,
1237 3583 1281 3634 151

240 3677 270 3712 ac
282 3661 423 3713 virtutibus
436 3664 652 3732 generosissimus
665 3661 738 3726 quis·
782 3657 853 3707 luno
871 3671 955 3710 morte
971 3657 1055 3711 Turni
1071 3661 1206 3710 instante:
1221 3660 1284 3712 Nora

240 3757 291 3809 que
300 3753 325 3791 et
335 3741 415 3793 latius
428 3742 595 3812 ampliusque
603 3749 628 3788 et
637 3736 736 3788 diutius
779 3751 899 3808 pugnam
911 3739 1042 3810 adspicere
1051 3738 1120 3788 laune
1128 3737 1221 3804 oculis,
1232 3758 1282 3791 nort

240 3832 265 3873 et
282 3821 308 3870 in
325 3833 501 3891 perpetuum,
517 3819 588 3869 idem
608 3816 736 3883 consequi
778 3815 895 3882 foedera,
907 3833 1018 3888 possum.
1032 3818 1067 3867 cf.
1080 3817 1142 3867 Ver.
1158 3816 1230 3869 Lem.
1247 3816 1281 3869 ad

240 3901 321 3968 cupit.
341 3895 510 3978 irreparabile
524 3895 550 3946 h.
567 3895 585 3944 l.
605 3891 677 3962 quod
694 3912 738 3944 rc·
782 3889 908 3947 AEneidos
921 3895 1017 3948 librum
1032 3896 1168 3961 x11‚841.

239 3977 454 4042 novari,iterari,
463 3972 652 4042 nequit—469
660 3989 736 4043 sqq:
819 3975 880 4047 476.
899 3977 960 4046 477.
981 3976 1096 4049 tegmina
1115 3973 1220 4031 humeri
1234 3993 1279 4029 seu
