<?xml version="1.0" encoding="UTF-8"?>
<!DOCTYPE html PUBLIC "-//W3C//DTD XHTML 1.0 Transitional//EN"
    "http://www.w3.org/TR/xhtml1/DTD/xhtml1-transitional.dtd">
<html xmlns="http://www.w3.org/1999/xhtml" xml:lang="en" lang="en">
 <head>
  <title>
</title>
<meta http-equiv="Content-Type" content="text/html;charset=utf-8" />
  <meta name='ocr-system' content='tesseract 3.04.00' />
  <meta name='ocr-capabilities' content='ocr_page ocr_carea ocr_par ocr_line ocrx_word'/>
</head>
<body>
  <div class='ocr_page' id='page_1' title='image "./pvirgiliusmaroq03barbgoog_0455.png"; bbox 0 0 2690 4596; ppageno 0'>
   <div class='ocr_carea' id='block_1_1' title="bbox 464 263 1097 346">
    <p class='ocr_par' dir='ltr' id='par_1_1' title="bbox 446 209 1097 346">
     <span class='ocr_line' id='line_1_1' title="bbox 464 263 1097 346; baseline -0.012 -12.221"><span class='ocrx_word' id='word_1_1' title='bbox 464 266 684 334; x_wconf 80' lang='lat' dir='ltr'><strong>GARMEN.</strong></span> <span class='ocrx_word' id='word_1_2' title='bbox 1034 263 1097 346; x_wconf 71' lang='grc'><strong>443</strong></span> 
     </span>
    </p>
   </div>
   <div class='ocr_carea' id='block_1_2' title="bbox 49 388 1160 1965">
    <p class='ocr_par' dir='ltr' id='par_1_2' title="bbox 49 388 905 477">
     <span class='ocr_line' id='line_1_2' title="bbox 49 388 905 477; baseline -0.005 -19"><span class='ocrx_word' id='word_1_3' title='bbox 49 391 225 471; x_wconf 86' lang='lat' dir='ltr'><strong>Ascanius,</strong></span> <span class='ocrx_word' id='word_1_4' title='bbox 238 389 447 477; x_wconf 87' lang='lat' dir='ltr'><strong>multumque</strong></span> <span class='ocrx_word' id='word_1_5' title='bbox 460 389 561 455; x_wconf 88' lang='lat' dir='ltr'><strong>animi</strong></span> <span class='ocrx_word' id='word_1_6' title='bbox 570 396 721 454; x_wconf 81' lang='lat' dir='ltr'><strong>&#39;unaturus</strong></span> <span class='ocrx_word' id='word_1_7' title='bbox 732 388 880 468; x_wconf 81' lang='lat' dir='ltr'><strong>Alethes,</strong></span> <span class='ocrx_word' id='word_1_8' title='bbox 902 417 905 424; x_wconf 65' lang='lat'><em>¹</em></span> 
     </span>
    </p>

    <p class='ocr_par' dir='ltr' id='par_1_3' title="bbox 49 493 1100 798">
     <span class='ocr_line' id='line_1_3' title="bbox 49 493 1003 587; baseline 0 -25"><span class='ocrx_word' id='word_1_9' title='bbox 49 501 94 562; x_wconf 87' lang='lat' dir='ltr'><strong>Et</strong></span> <span class='ocrx_word' id='word_1_10' title='bbox 107 498 213 587; x_wconf 89' lang='lat' dir='ltr'><strong>gravis</strong></span> <span class='ocrx_word' id='word_1_11' title='bbox 227 498 385 576; x_wconf 85' lang='lat' dir='ltr'><strong>Ilioneus,</strong></span> <span class='ocrx_word' id='word_1_12' title='bbox 399 493 674 584; x_wconf 83' lang='lat' dir='ltr'><strong>Mnestheusque,</strong></span> <span class='ocrx_word' id='word_1_13' title='bbox 687 517 829 584; x_wconf 86' lang='lat' dir='ltr'><strong>acerque</strong></span> <span class='ocrx_word' id='word_1_14' title='bbox 840 495 1003 577; x_wconf 82' lang='lat' dir='ltr'>Serestus,</span> 
     </span>
     <span class='ocr_line' id='line_1_4' title="bbox 50 601 1100 693; baseline -0.007 -25"><span class='ocrx_word' id='word_1_15' title='bbox 50 605 237 693; x_wconf 77' lang='lat' dir='ltr'><strong>Sergestus,</strong></span> <span class='ocrx_word' id='word_1_16' title='bbox 251 604 411 692; x_wconf 87' lang='lat' dir='ltr'><strong>fortisque</strong></span> <span class='ocrx_word' id='word_1_17' title='bbox 424 603 524 690; x_wconf 72' lang='lat' dir='ltr'><strong>GyaS,</strong></span> <span class='ocrx_word' id='word_1_18' title='bbox 536 602 700 691; x_wconf 78' lang='lat' dir='ltr'><strong>fortisque</strong></span> <span class='ocrx_word' id='word_1_19' title='bbox 712 601 912 666; x_wconf 84' lang='lat' dir='ltr'><strong>Cloanthus:</strong></span> <span class='ocrx_word' id='word_1_20' title='bbox 1052 613 1100 672; x_wconf 67' lang='lat'><strong>410</strong></span> 
     </span>
     <span class='ocr_line' id='line_1_5' title="bbox 50 707 925 798; baseline -0.005 -23"><span class='ocrx_word' id='word_1_21' title='bbox 50 713 132 775; x_wconf 83' lang='lat' dir='ltr'><strong>Post</strong></span> <span class='ocrx_word' id='word_1_22' title='bbox 143 710 399 798; x_wconf 85' lang='lat' dir='ltr'><strong>aliimistimque</strong></span> <span class='ocrx_word' id='word_1_23' title='bbox 415 708 500 786; x_wconf 86' lang='lat' dir='ltr'><strong>ltali,</strong></span> <span class='ocrx_word' id='word_1_24' title='bbox 513 707 703 796; x_wconf 88' lang='lat' dir='ltr'><strong>Teucrique</strong></span> <span class='ocrx_word' id='word_1_25' title='bbox 715 723 925 796; x_wconf 58' lang='lat' dir='ltr'><strong>sequuntur.»</strong></span> 
     </span>
    </p>

    <p class='ocr_par' dir='ltr' id='par_1_4' title="bbox 51 814 759 901">
     <span class='ocr_line' id='line_1_6' title="bbox 51 814 759 901; baseline 0 -23"><span class='ocrx_word' id='word_1_26' title='bbox 51 819 185 880; x_wconf 82' lang='lat' dir='ltr'><strong>Interea</strong></span> <span class='ocrx_word' id='word_1_27' title='bbox 198 816 297 880; x_wconf 83' lang='lat' dir='ltr'><strong>effusi</strong></span> <span class='ocrx_word' id='word_1_28' title='bbox 309 814 437 881; x_wconf 86' lang='lat' dir='ltr'><strong>stabant</strong></span> <span class='ocrx_word' id='word_1_29' title='bbox 448 814 643 901; x_wconf 78' lang='lat' dir='ltr'><strong>permonuia</strong></span> <span class='ocrx_word' id='word_1_30' title='bbox 656 815 759 894; x_wconf 78' lang='lat' dir='ltr'><strong>cives,</strong></span> 
     </span>
    </p>

    <p class='ocr_par' dir='ltr' id='par_1_5' title="bbox 53 918 884 1010">
     <span class='ocr_line' id='line_1_7' title="bbox 53 918 884 1010; baseline -0.002 -24"><span class='ocrx_word' id='word_1_31' title='bbox 53 923 287 1010; x_wconf 87' lang='lat' dir='ltr'><strong>Sublimesque</strong></span> <span class='ocrx_word' id='word_1_32' title='bbox 298 921 362 987; x_wconf 86' lang='lat' dir='ltr'><strong>alta</strong></span> <span class='ocrx_word' id='word_1_33' title='bbox 373 919 562 985; x_wconf 82' lang='lat' dir='ltr'><strong>statuebant</strong></span> <span class='ocrx_word' id='word_1_34' title='bbox 570 918 671 984; x_wconf 92' lang='lat' dir='ltr'><strong>laude</strong></span> <span class='ocrx_word' id='word_1_35' title='bbox 684 918 884 1006; x_wconf 88' lang='lat' dir='ltr'><strong>triumphos,</strong></span> 
     </span>
    </p>

    <p class='ocr_par' dir='ltr' id='par_1_6' title="bbox 54 1024 891 1118">
     <span class='ocr_line' id='line_1_8' title="bbox 54 1024 891 1118; baseline -0.005 -26"><span class='ocrx_word' id='word_1_36' title='bbox 54 1029 234 1118; x_wconf 87' lang='lat' dir='ltr'><strong>Trojanam</strong></span> <span class='ocrx_word' id='word_1_37' title='bbox 247 1026 369 1116; x_wconf 91' lang='lat' dir='ltr'><strong>cupido</strong></span> <span class='ocrx_word' id='word_1_38' title='bbox 383 1030 592 1114; x_wconf 77' lang='lat' dir='ltr'><strong>expectantes</strong></span> <span class='ocrx_word' id='word_1_39' title='bbox 603 1041 739 1113; x_wconf 86' lang='lat' dir='ltr'><strong>pectore</strong></span> <span class='ocrx_word' id='word_1_40' title='bbox 750 1024 891 1090; x_wconf 83' lang='lat' dir='ltr'><strong>turbam.</strong></span> 
     </span>
    </p>

    <p class='ocr_par' dir='ltr' id='par_1_7' title="bbox 54 1129 1160 1326">
     <span class='ocr_line' id='line_1_9' title="bbox 54 1129 1160 1226; baseline 0 -28"><span class='ocrx_word' id='word_1_41' title='bbox 54 1136 99 1198; x_wconf 89' lang='lat' dir='ltr'><strong>Et</strong></span> <span class='ocrx_word' id='word_1_42' title='bbox 106 1135 175 1224; x_wconf 83' lang='lat' dir='ltr'><strong>jam</strong></span> <span class='ocrx_word' id='word_1_43' title='bbox 188 1132 428 1224; x_wconf 80' lang='lat' dir='ltr'><strong>adventabant:</strong></span> <span class='ocrx_word' id='word_1_44' title='bbox 443 1153 526 1222; x_wconf 87' lang='lat' dir='ltr'><strong>quos</strong></span> <span class='ocrx_word' id='word_1_45' title='bbox 539 1129 613 1197; x_wconf 88' lang='lat' dir='ltr'><strong>laeta</strong></span> <span class='ocrx_word' id='word_1_46' title='bbox 625 1131 734 1197; x_wconf 88' lang='lat' dir='ltr'><strong>fronte</strong></span> <span class='ocrx_word' id='word_1_47' title='bbox 747 1131 883 1194; x_wconf 78' lang='lat' dir='ltr'><strong>Latinus</strong></span> <span class='ocrx_word' id='word_1_48' title='bbox 1057 1141 1103 1198; x_wconf 74' lang='lat'><strong>415</strong></span> <span class='ocrx_word' id='word_1_49' title='bbox 1158 1222 1160 1226; x_wconf 85' lang='lat'>.</span> 
     </span>
     <span class='ocr_line' id='line_1_10' title="bbox 55 1237 855 1326; baseline -0.008 -20"><span class='ocrx_word' id='word_1_50' title='bbox 55 1241 243 1305; x_wconf 89' lang='lat' dir='ltr'><strong>Occurrens</strong></span> <span class='ocrx_word' id='word_1_51' title='bbox 257 1262 373 1326; x_wconf 89' lang='lat' dir='ltr'><strong>magna</strong></span> <span class='ocrx_word' id='word_1_52' title='bbox 385 1237 514 1324; x_wconf 84' lang='lat' dir='ltr'><strong>excepit</strong></span> <span class='ocrx_word' id='word_1_53' title='bbox 525 1238 855 1304; x_wconf 77' lang='lat' dir='ltr'><strong>comitante-caterva.</strong></span> 
     </span>
    </p>

    <p class='ocr_par' dir='ltr' id='par_1_8' title="bbox 55 1341 901 1538">
     <span class='ocr_line' id='line_1_11' title="bbox 55 1341 901 1434; baseline -0.005 -24"><span class='ocrx_word' id='word_1_54' title='bbox 55 1350 98 1410; x_wconf 86' lang='lat' dir='ltr'><strong>At</strong></span> <span class='ocrx_word' id='word_1_55' title='bbox 110 1343 410 1434; x_wconf 78' lang='lat' dir='ltr'><strong>postquam&#39;medio</strong></span> <span class='ocrx_word' id='word_1_56' title='bbox 422 1344 613 1410; x_wconf 84' lang='lat' dir='ltr'><strong>venientem</strong></span> <span class='ocrx_word' id='word_1_57' title='bbox 624 1366 664 1407; x_wconf 86' lang='lat' dir='ltr'><strong>ex</strong></span> <span class='ocrx_word' id='word_1_58' title='bbox 674 1343 805 1430; x_wconf 81' lang='lat' dir='ltr'><strong>agmine</strong></span> <span class='ocrx_word' id='word_1_59' title='bbox 817 1341 901 1406; x_wconf 87' lang='lat' dir='ltr'><strong>vidit</strong></span> 
     </span>
     <span class='ocr_line' id='line_1_12' title="bbox 56 1446 861 1538; baseline -0.007 -21"><span class='ocrx_word' id='word_1_60' title='bbox 56 1450 263 1517; x_wconf 88' lang='lat' dir='ltr'><strong>Dardanium</strong></span> <span class='ocrx_word' id='word_1_61' title='bbox 276 1453 414 1528; x_wconf 85' lang='lat' dir='ltr'><strong>AEnean,</strong></span> <span class='ocrx_word' id='word_1_62' title='bbox 426 1446 518 1538; x_wconf 89' lang='lat' dir='ltr'><strong>haud</strong></span> <span class='ocrx_word' id='word_1_63' title='bbox 530 1455 606 1512; x_wconf 84' lang='lat' dir='ltr'><strong>v&#39;era</strong></span> <span class='ocrx_word' id='word_1_64' title='bbox 617 1448 722 1512; x_wconf 78' lang='lat' dir='ltr'><strong>illusit</strong></span> <span class='ocrx_word' id='word_1_65' title='bbox 733 1449 842 1536; x_wconf 90' lang='lat' dir='ltr'><strong>imago</strong></span> <span class='ocrx_word' id='word_1_66' title='bbox 854 1471 861 1510; x_wconf 74' lang='grc' dir='ltr'><strong>ε</strong></span> 
     </span>
    </p>

    <p class='ocr_par' dir='ltr' id='par_1_9' title="bbox 55 1554 954 1649">
     <span class='ocr_line' id='line_1_13' title="bbox 55 1554 954 1649; baseline -0.006 -26"><span class='ocrx_word' id='word_1_67' title='bbox 55 1561 209 1649; x_wconf 89' lang='lat' dir='ltr'><strong>Namque</strong></span> <span class='ocrx_word' id='word_1_68' title='bbox 220 1565 338 1624; x_wconf 84' lang='lat' dir='ltr'><strong>&#39;omnes</strong></span> <span class='ocrx_word' id='word_1_69' title='bbox 347 1578 450 1646; x_wconf 85' lang='lat' dir='ltr'><strong>super</strong></span> <span class='ocrx_word' id='word_1_70' title='bbox 461 1554 637 1634; x_wconf 86' lang='lat' dir='ltr'><strong>excellens,</strong></span> <span class='ocrx_word' id='word_1_71' title='bbox 652 1572 752 1644; x_wconf 87' lang='lat' dir='ltr'><strong>atque</strong></span> <span class='ocrx_word' id='word_1_72' title='bbox 764 1556 866 1620; x_wconf 86' lang='lat' dir='ltr'><strong>altior.</strong></span> <span class='ocrx_word' id='word_1_73' title='bbox 872 1554 954 1634; x_wconf 89' lang='lat' dir='ltr'><strong>ibat,</strong></span> 
     </span>
    </p>

    <p class='ocr_par' dir='ltr' id='par_1_10' title="bbox 55 1663 1107 1859">
     <span class='ocr_line' id='line_1_14' title="bbox 55 1663 1107 1752; baseline -0.007 -21"><span class='ocrx_word' id='word_1_74' title='bbox 55 1668 99 1731; x_wconf 89' lang='lat' dir='ltr'><strong>Et</strong></span> <span class='ocrx_word' id='word_1_75' title='bbox 110 1666 175 1729; x_wconf 91' lang='lat' dir='ltr'><strong>late</strong></span> <span class='ocrx_word' id='word_1_76' title='bbox 188 1664 331 1751; x_wconf 89' lang='lat' dir='ltr'><strong>regalem</strong></span> <span class='ocrx_word' id='word_1_77' title='bbox 344 1664 448 1730; x_wconf 89' lang='lat' dir='ltr'><strong>oculis</strong></span> <span class='ocrx_word' id='word_1_78' title='bbox 461 1663 635 1752; x_wconf 75' lang='lat' dir='ltr'><strong>spargebat</strong></span> <span class='ocrx_word' id='word_1_79' title='bbox 645 1663 811 1728; x_wconf 89' lang='lat' dir='ltr'><strong>honorem</strong></span> <span class='ocrx_word' id='word_1_80' title='bbox 1007 1665 1011 1673; x_wconf 87' lang='lat'>&#39;</span> <span class='ocrx_word' id='word_1_81' title='bbox 1060 1673 1107 1732; x_wconf 59' lang='grc' dir='ltr'><strong>ἀπο</strong></span> 
     </span>
     <span class='ocr_line' id='line_1_15' title="bbox 56 1768 963 1859; baseline -0.006 -21"><span class='ocrx_word' id='word_1_82' title='bbox 56 1771 220 1838; x_wconf 88' lang='lat' dir='ltr'><strong>Sidereis:</strong></span> <span class='ocrx_word' id='word_1_83' title='bbox 235 1787 313 1836; x_wconf 90' lang='lat' dir='ltr'><strong>tunc</strong></span> <span class='ocrx_word' id='word_1_84' title='bbox 327 1794 429 1859; x_wconf 91' lang='lat' dir='ltr'><strong>quum</strong></span> <span class='ocrx_word' id='word_1_85' title='bbox 442 1770 587 1858; x_wconf 84' lang='lat' dir='ltr'><strong>primum</strong></span> <span class='ocrx_word' id='word_1_86' title='bbox 600 1768 675 1834; x_wconf 82' lang='lat' dir='ltr'><strong>duta</strong></span> <span class='ocrx_word' id='word_1_87' title='bbox 687 1770 782 1858; x_wconf 87' lang='lat' dir='ltr'><strong>copia</strong></span> <span class='ocrx_word' id='word_1_88' title='bbox 794 1769 887 1834; x_wconf 79' lang='lat' dir='ltr'><strong>fandi</strong></span> <span class='ocrx_word' id='word_1_89' title='bbox 900 1785 963 1848; x_wconf 89' lang='lat' dir='ltr'><strong>est,</strong></span> 
     </span>
    </p>

    <p class='ocr_par' dir='ltr' id='par_1_11' title="bbox 58 1873 915 1965">
     <span class='ocr_line' id='line_1_16' title="bbox 58 1873 915 1965; baseline -0.004 -23"><span class='ocrx_word' id='word_1_90' title='bbox 58 1879 101 1942; x_wconf 89' lang='lat' dir='ltr'><strong>Et</strong></span> <span class='ocrx_word' id='word_1_91' title='bbox 112 1898 210 1942; x_wconf 88' lang='lat' dir='ltr'><strong>voces</strong></span> <span class='ocrx_word' id='word_1_92' title='bbox 223 1886 355 1965; x_wconf 83' lang='lat' dir='ltr'><strong>capere,</strong></span> <span class='ocrx_word' id='word_1_93' title='bbox 368 1883 468 1965; x_wconf 85' lang='lat' dir='ltr'><strong>atque</strong></span> <span class='ocrx_word' id='word_1_94' title='bbox 481 1893 607 1963; x_wconf 89' lang='lat' dir='ltr'><strong>optatas</strong></span> <span class='ocrx_word' id='word_1_95' title='bbox 616 1876 757 1964; x_wconf 89' lang='lat' dir='ltr'><strong>jungere</strong></span> <span class='ocrx_word' id='word_1_96' title='bbox 770 1873 915 1954; x_wconf 77' lang='lat' dir='ltr'><strong>dextrae,</strong></span> 
     </span>
    </p>
   </div>
   <div class='ocr_carea' id='block_1_3' title="bbox 43 2025 1115 3694">
    <p class='ocr_par' dir='ltr' id='par_1_12' title="bbox 43 2025 1115 3694">
     <span class='ocr_line' id='line_1_17' title="bbox 59 2025 1107 2101; baseline -0.001 -20"><span class='ocrx_word' id='word_1_97' title='bbox 59 2047 137 2082; x_wconf 86' lang='lat' dir='ltr'><strong>senes</strong></span> <span class='ocrx_word' id='word_1_98' title='bbox 150 2047 230 2098; x_wconf 88' lang='lat' dir='ltr'><strong>super</strong></span> <span class='ocrx_word' id='word_1_99' title='bbox 240 2027 282 2078; x_wconf 86' lang='lat' dir='ltr'><strong>his</strong></span> <span class='ocrx_word' id='word_1_100' title='bbox 296 2039 322 2078; x_wconf 90' lang='lat' dir='ltr'><strong>et</strong></span> <span class='ocrx_word' id='word_1_101' title='bbox 333 2026 384 2078; x_wconf 88' lang='lat' dir='ltr'><strong>illis</strong></span> <span class='ocrx_word' id='word_1_102' title='bbox 398 2038 489 2101; x_wconf 85' lang='lat' dir='ltr'><strong>amant</strong></span> <span class='ocrx_word' id='word_1_103' title='bbox 505 2045 631 2092; x_wconf 86' lang='lat' dir='ltr'><strong>narrare,</strong></span> <span class='ocrx_word' id='word_1_104' title='bbox 650 2044 706 2096; x_wconf 85' lang='lat' dir='ltr'><strong>quau</strong></span> <span class='ocrx_word' id='word_1_105' title='bbox 723 2039 797 2097; x_wconf 88' lang='lat' dir='ltr'><strong>gesta</strong></span> <span class='ocrx_word' id='word_1_106' title='bbox 813 2037 858 2076; x_wconf 88' lang='lat' dir='ltr'><strong>aut</strong></span> <span class='ocrx_word' id='word_1_107' title='bbox 873 2025 965 2078; x_wconf 85' lang='lat' dir='ltr'><strong>audita</strong></span> <span class='ocrx_word' id='word_1_108' title='bbox 981 2028 1107 2081; x_wconf 88' lang='lat' dir='ltr'><strong>memine-</strong></span> 
     </span>
     <span class='ocr_line' id='line_1_18' title="bbox 59 2095 1109 2178; baseline -0.002 -18"><span class='ocrx_word' id='word_1_109' title='bbox 59 2119 132 2160; x_wconf 86' lang='lat' dir='ltr'><strong>runt.</strong></span> <span class='ocrx_word' id='word_1_110' title='bbox 146 2107 189 2158; x_wconf 77' lang='lat' dir='ltr'><strong>sio</strong></span> <span class='ocrx_word' id='word_1_111' title='bbox 207 2095 349 2169; x_wconf 75' lang='lat' dir='ltr'><strong>Horatius,</strong></span> <span class='ocrx_word' id='word_1_112' title='bbox 366 2107 393 2156; x_wconf 87' lang='lat' dir='ltr'><strong>in</strong></span> <span class='ocrx_word' id='word_1_113' title='bbox 410 2107 474 2176; x_wconf 80' lang='lat' dir='ltr'><strong>Arte</strong></span> <span class='ocrx_word' id='word_1_114' title='bbox 486 2107 594 2175; x_wconf 88' lang='lat' dir='ltr'><strong>poetica</strong></span> <span class='ocrx_word' id='word_1_115' title='bbox 606 2123 629 2174; x_wconf 78' lang='lat' dir='ltr'><strong>y.</strong></span> <span class='ocrx_word' id='word_1_116' title='bbox 649 2106 701 2174; x_wconf 83' lang='lat'><strong>73,</strong></span> <span class='ocrx_word' id='word_1_117' title='bbox 718 2117 798 2157; x_wconf 86' lang='lat' dir='ltr'><strong>vocat</strong></span> <span class='ocrx_word' id='word_1_118' title='bbox 809 2121 899 2156; x_wconf 85' lang='lat' dir='ltr'><strong>senem</strong></span> <span class='ocrx_word' id='word_1_119' title='bbox 912 2105 1069 2178; x_wconf 80' lang='lat' dir='ltr'><strong>querulum,</strong></span> <span class='ocrx_word' id='word_1_120' title='bbox 1082 2120 1109 2158; x_wconf 90' lang='lat' dir='ltr'><strong>et</strong></span> 
     </span>
     <span class='ocr_line' id='line_1_19' title="bbox 59 2184 1110 2259; baseline -0.002 -19"><span class='ocrx_word' id='word_1_121' title='bbox 59 2187 183 2259; x_wconf 84' lang='lat' dir='ltr'><strong>temporis</strong></span> <span class='ocrx_word' id='word_1_122' title='bbox 193 2187 247 2237; x_wconf 85' lang='lat' dir='ltr'><strong>acti</strong></span> <span class='ocrx_word' id='word_1_123' title='bbox 260 2205 285 2238; x_wconf 86' lang='lat' dir='ltr'><strong>se</strong></span> <span class='ocrx_word' id='word_1_124' title='bbox 299 2204 382 2257; x_wconf 84' lang='lat' dir='ltr'><strong>puero</strong></span> <span class='ocrx_word' id='word_1_125' title='bbox 395 2184 567 2236; x_wconf 85' lang='lat' dir='ltr'><strong>laudatorem.</strong></span> <span class='ocrx_word' id='word_1_126' title='bbox 576 2215 610 2223; x_wconf 93' lang='lat'>—</span> <span class='ocrx_word' id='word_1_127' title='bbox 621 2184 682 2251; x_wconf 68' lang='lat'><strong>408.</strong></span> <span class='ocrx_word' id='word_1_128' title='bbox 695 2185 783 2236; x_wconf 85' lang='lat' dir='ltr'><strong>animi</strong></span> <span class='ocrx_word' id='word_1_129' title='bbox 794 2195 912 2237; x_wconf 85' lang='lat' dir='ltr'><strong>maturus</strong></span> <span class='ocrx_word' id='word_1_130' title='bbox 922 2185 1036 2240; x_wconf 80' lang='lat' dir='ltr'><strong>Alethes.</strong></span> <span class='ocrx_word' id='word_1_131' title='bbox 1049 2189 1110 2238; x_wconf 88' lang='lat' dir='ltr'><strong>Vir·</strong></span> 
     </span>
     <span class='ocr_line' id='line_1_20' title="bbox 59 2264 1110 2340; baseline -0.002 -20"><span class='ocrx_word' id='word_1_132' title='bbox 59 2267 140 2340; x_wconf 87' lang='lat' dir='ltr'><strong>gilius</strong></span> <span class='ocrx_word' id='word_1_133' title='bbox 152 2275 270 2321; x_wconf 74' lang='lat' dir='ltr'><strong>malumst</strong></span> <span class='ocrx_word' id='word_1_134' title='bbox 278 2264 420 2331; x_wconf 73' lang='lat' dir='ltr'><strong>woidisit,</strong></span> <span class='ocrx_word' id='word_1_135' title='bbox 432 2279 458 2318; x_wconf 89' lang='lat' dir='ltr'><strong>et</strong></span> <span class='ocrx_word' id='word_1_136' title='bbox 471 2264 659 2317; x_wconf 67' lang='lat' dir='ltr'><strong>estsslionestior</strong></span> <span class='ocrx_word' id='word_1_137' title='bbox 668 2264 786 2332; x_wconf 84' lang='lat' dir='ltr'><strong>locutio,</strong></span> <span class='ocrx_word' id='word_1_138' title='bbox 797 2281 880 2335; x_wconf 87' lang='lat' dir='ltr'><strong>quam</strong></span> <span class='ocrx_word' id='word_1_139' title='bbox 890 2266 912 2316; x_wconf 87' lang='lat' dir='ltr'><strong>si</strong></span> <span class='ocrx_word' id='word_1_140' title='bbox 922 2266 1043 2334; x_wconf 83' lang='lat' dir='ltr'><strong>dicatur,</strong></span> <span class='ocrx_word' id='word_1_141' title='bbox 1055 2285 1110 2319; x_wconf 88' lang='lat' dir='ltr'><strong>ma·</strong></span> 
     </span>
     <span class='ocr_line' id='line_1_21' title="bbox 60 2344 1109 2416; baseline 0.002 -20"><span class='ocrx_word' id='word_1_142' title='bbox 60 2359 137 2396; x_wconf 89' lang='lat' dir='ltr'><strong>turus</strong></span> <span class='ocrx_word' id='word_1_143' title='bbox 149 2362 213 2395; x_wconf 83' lang='lat' dir='ltr'><strong>aevo.</strong></span> <span class='ocrx_word' id='word_1_144' title='bbox 225 2345 248 2393; x_wconf 91' lang='lat' dir='ltr'><strong>ls</strong></span> <span class='ocrx_word' id='word_1_145' title='bbox 262 2344 332 2395; x_wconf 89' lang='lat' dir='ltr'><strong>enim</strong></span> <span class='ocrx_word' id='word_1_146' title='bbox 343 2356 463 2396; x_wconf 86' lang='lat' dir='ltr'><strong>maturus</strong></span> <span class='ocrx_word' id='word_1_147' title='bbox 477 2362 531 2396; x_wconf 80' lang='lat' dir='ltr'><strong>oevo</strong></span> <span class='ocrx_word' id='word_1_148' title='bbox 544 2344 660 2410; x_wconf 84' lang='lat' dir='ltr'><strong>dicitur,</strong></span> <span class='ocrx_word' id='word_1_149' title='bbox 673 2363 751 2416; x_wconf 89' lang='lat' dir='ltr'><strong>quem</strong></span> <span class='ocrx_word' id='word_1_150' title='bbox 763 2364 847 2396; x_wconf 85' lang='lat' dir='ltr'><strong>aevum</strong></span> <span class='ocrx_word' id='word_1_151' title='bbox 857 2359 990 2398; x_wconf 85' lang='lat' dir='ltr'><strong>maturum</strong></span> <span class='ocrx_word' id='word_1_152' title='bbox 1003 2348 1109 2398; x_wconf 83' lang='lat' dir='ltr'><strong>effecit:</strong></span> 
     </span>
     <span class='ocr_line' id='line_1_22' title="bbox 59 2423 1113 2497; baseline -0.001 -20"><span class='ocrx_word' id='word_1_153' title='bbox 59 2428 82 2477; x_wconf 91' lang='lat' dir='ltr'><strong>is</strong></span> <span class='ocrx_word' id='word_1_154' title='bbox 95 2441 160 2475; x_wconf 85' lang='lat' dir='ltr'><strong>vero</strong></span> <span class='ocrx_word' id='word_1_155' title='bbox 176 2432 293 2474; x_wconf 84' lang='lat' dir='ltr'><strong>maturus</strong></span> <span class='ocrx_word' id='word_1_156' title='bbox 303 2423 353 2474; x_wconf 85' lang='lat' dir='ltr'><strong>aevi</strong></span> <span class='ocrx_word' id='word_1_157' title='bbox 370 2425 416 2494; x_wconf 88' lang='lat' dir='ltr'><strong>qui</strong></span> <span class='ocrx_word' id='word_1_158' title='bbox 429 2443 512 2475; x_wconf 84' lang='lat' dir='ltr'><strong>aevum</strong></span> <span class='ocrx_word' id='word_1_159' title='bbox 528 2438 661 2476; x_wconf 88' lang='lat' dir='ltr'><strong>maturum</strong></span> <span class='ocrx_word' id='word_1_160' title='bbox 672 2425 737 2476; x_wconf 84' lang='lat' dir='ltr'><strong>fecit</strong></span> <span class='ocrx_word' id='word_1_161' title='bbox 748 2437 774 2477; x_wconf 89' lang='lat' dir='ltr'><strong>et</strong></span> <span class='ocrx_word' id='word_1_162' title='bbox 789 2427 953 2497; x_wconf 82' lang='lat' dir='ltr'><strong>temperavit.</strong></span> <span class='ocrx_word' id='word_1_163' title='bbox 965 2426 996 2476; x_wconf 88' lang='lat' dir='ltr'><strong>A.</strong></span> <span class='ocrx_word' id='word_1_164' title='bbox 1008 2427 1113 2494; x_wconf 60' lang='lat'>-4102</span> 
     </span>
     <span class='ocr_line' id='line_1_23' title="bbox 61 2501 1111 2575; baseline 0.008 -23"><span class='ocrx_word' id='word_1_165' title='bbox 61 2505 140 2574; x_wconf 82' lang='lat' dir='ltr'><em>Gyas.</em></span> <span class='ocrx_word' id='word_1_166' title='bbox 159 2501 228 2568; x_wconf 89' lang='lat' dir='ltr'><strong>Quia</strong></span> <span class='ocrx_word' id='word_1_167' title='bbox 242 2519 306 2553; x_wconf 85' lang='lat' dir='ltr'><strong>vero</strong></span> <span class='ocrx_word' id='word_1_168' title='bbox 326 2502 387 2574; x_wconf 83' lang='lat' dir='ltr'><strong>Gyae</strong></span> <span class='ocrx_word' id='word_1_169' title='bbox 403 2523 495 2555; x_wconf 87' lang='lat' dir='ltr'><strong>necem</strong></span> <span class='ocrx_word' id='word_1_170' title='bbox 515 2503 636 2574; x_wconf 69' lang='lat' dir='ltr'><strong>praedixit</strong></span> <span class='ocrx_word' id='word_1_171' title='bbox 652 2505 744 2571; x_wconf 84' lang='lat' dir='ltr'><strong>Maro,</strong></span> <span class='ocrx_word' id='word_1_172' title='bbox 764 2516 871 2575; x_wconf 88' lang='lat' dir='ltr'><strong>oportet</strong></span> <span class='ocrx_word' id='word_1_173' title='bbox 889 2519 936 2556; x_wconf 87' lang='lat' dir='ltr'><strong>aut</strong></span> <span class='ocrx_word' id='word_1_174' title='bbox 955 2506 1037 2557; x_wconf 85' lang='lat' dir='ltr'><strong>alium</strong></span> <span class='ocrx_word' id='word_1_175' title='bbox 1054 2525 1111 2560; x_wconf 85' lang='lat' dir='ltr'><strong>esse</strong></span> 
     </span>
     <span class='ocr_line' id='line_1_24' title="bbox 58 2582 1111 2659; baseline 0.002 -23"><span class='ocrx_word' id='word_1_176' title='bbox 58 2585 160 2657; x_wconf 78' lang='lat' dir='ltr'><strong>Gyani,</strong></span> <span class='ocrx_word' id='word_1_177' title='bbox 173 2594 219 2634; x_wconf 86' lang='lat' dir='ltr'><strong>aut</strong></span> <span class='ocrx_word' id='word_1_178' title='bbox 233 2582 305 2635; x_wconf 89' lang='lat' dir='ltr'><strong>hunc</strong></span> <span class='ocrx_word' id='word_1_179' title='bbox 321 2583 392 2634; x_wconf 91' lang='lat' dir='ltr'><strong>illius</strong></span> <span class='ocrx_word' id='word_1_180' title='bbox 411 2585 602 2636; x_wconf 86' lang='lat' dir='ltr'><strong>immemorem.</strong></span> <span class='ocrx_word' id='word_1_181' title='bbox 615 2585 645 2636; x_wconf 90' lang='lat' dir='ltr'><strong>ln</strong></span> <span class='ocrx_word' id='word_1_182' title='bbox 659 2585 760 2637; x_wconf 75' lang='lat' dir='ltr'><strong>caeteris</strong></span> <span class='ocrx_word' id='word_1_183' title='bbox 772 2598 861 2638; x_wconf 90' lang='lat' dir='ltr'><strong>tamen</strong></span> <span class='ocrx_word' id='word_1_184' title='bbox 879 2586 1027 2656; x_wconf 88' lang='lat' dir='ltr'><strong>prudenter</strong></span> <span class='ocrx_word' id='word_1_185' title='bbox 1043 2589 1111 2659; x_wconf 84' lang='lat' dir='ltr'><strong>egit,</strong></span> 
     </span>
     <span class='ocr_line' id='line_1_25' title="bbox 43 2663 1112 2738; baseline 0.003 -23"><span class='ocrx_word' id='word_1_186' title='bbox 43 2677 90 2738; x_wconf 25' lang='lat' dir='ltr'><strong>&#39;ut</strong></span> <span class='ocrx_word' id='word_1_187' title='bbox 105 2680 151 2716; x_wconf 87' lang='lat' dir='ltr'><strong>eos</strong></span> <span class='ocrx_word' id='word_1_188' title='bbox 165 2676 372 2728; x_wconf 87' lang='lat' dir='ltr'><strong>commemoret,</strong></span> <span class='ocrx_word' id='word_1_189' title='bbox 393 2681 460 2733; x_wconf 90' lang='lat' dir='ltr'><strong>quos</strong></span> <span class='ocrx_word' id='word_1_190' title='bbox 475 2664 551 2714; x_wconf 90' lang='lat' dir='ltr'><strong>Maro</strong></span> <span class='ocrx_word' id='word_1_191' title='bbox 568 2667 594 2715; x_wconf 90' lang='lat' dir='ltr'><strong>iu</strong></span> <span class='ocrx_word' id='word_1_192' title='bbox 609 2667 702 2734; x_wconf 88' lang='lat' dir='ltr'><strong>quinto</strong></span> <span class='ocrx_word' id='word_1_193' title='bbox 718 2663 784 2716; x_wconf 84' lang='lat' dir='ltr'><strong>dixit</strong></span> <span class='ocrx_word' id='word_1_194' title='bbox 799 2678 905 2716; x_wconf 82' lang='lat' dir='ltr'><strong>acturos</strong></span> <span class='ocrx_word' id='word_1_195' title='bbox 921 2685 1004 2737; x_wconf 89' lang='lat' dir='ltr'><strong>genus</strong></span> <span class='ocrx_word' id='word_1_196' title='bbox 1020 2685 1112 2718; x_wconf 86' lang='lat' dir='ltr'><strong>roma-</strong></span> 
     </span>
     <span class='ocr_line' id='line_1_26' title="bbox 58 2739 1111 2815; baseline 0.002 -21"><span class='ocrx_word' id='word_1_197' title='bbox 58 2762 141 2805; x_wconf 86' lang='lat' dir='ltr'><strong>num,</strong></span> <span class='ocrx_word' id='word_1_198' title='bbox 151 2754 178 2792; x_wconf 89' lang='lat' dir='ltr'><strong>et</strong></span> <span class='ocrx_word' id='word_1_199' title='bbox 187 2740 227 2792; x_wconf 93' lang='lat' dir='ltr'><strong>illi</strong></span> <span class='ocrx_word' id='word_1_200' title='bbox 239 2742 347 2791; x_wconf 85' lang='lat' dir='ltr'><strong>nomina</strong></span> <span class='ocrx_word' id='word_1_201' title='bbox 355 2739 479 2805; x_wconf 87' lang='lat' dir='ltr'><strong>daturos,</strong></span> <span class='ocrx_word' id='word_1_202' title='bbox 493 2755 522 2792; x_wconf 92' lang='lat' dir='ltr'><strong>ut</strong></span> <span class='ocrx_word' id='word_1_203' title='bbox 535 2743 701 2812; x_wconf 88' lang='lat' dir='ltr'><strong>Sergestum:</strong></span> <span class='ocrx_word' id='word_1_204' title='bbox 712 2743 803 2794; x_wconf 84' lang='lat' dir='ltr'><strong>domus</strong></span> <span class='ocrx_word' id='word_1_205' title='bbox 812 2763 828 2793; x_wconf 88' lang='grc' dir='ltr'><em>α</em></span> <span class='ocrx_word' id='word_1_206' title='bbox 838 2761 890 2814; x_wconf 84' lang='lat' dir='ltr'><strong>quo</strong></span> <span class='ocrx_word' id='word_1_207' title='bbox 902 2743 991 2815; x_wconf 69' lang='lat' dir='ltr'><strong>Sergia</strong></span> <span class='ocrx_word' id='word_1_208' title='bbox 999 2782 1008 2808; x_wconf 92' lang='lat'><strong>,</strong></span> <span class='ocrx_word' id='word_1_209' title='bbox 1016 2756 1066 2795; x_wconf 90' lang='lat' dir='ltr'><strong>etc.</strong></span> <span class='ocrx_word' id='word_1_210' title='bbox 1078 2744 1111 2796; x_wconf 82' lang='lat' dir='ltr'><strong>A.</strong></span> 
     </span>
     <span class='ocr_line' id='line_1_27' title="bbox 58 2818 1113 2892; baseline 0.009 -26"><span class='ocrx_word' id='word_1_211' title='bbox 58 2851 97 2866; x_wconf 79' lang='grc'><strong>..-</strong></span> <span class='ocrx_word' id='word_1_212' title='bbox 111 2823 172 2888; x_wconf 64' lang='grc' dir='ltr'><strong>4η</strong></span> <span class='ocrx_word' id='word_1_213' title='bbox 194 2822 298 2871; x_wconf 73' lang='lat' dir='ltr'><strong>Interea</strong></span> <span class='ocrx_word' id='word_1_214' title='bbox 316 2818 399 2889; x_wconf 73' lang='lat' dir='ltr'><strong>effitsi</strong></span> <span class='ocrx_word' id='word_1_215' title='bbox 418 2822 520 2872; x_wconf 78' lang='lat' dir='ltr'><strong>stabant</strong></span> <span class='ocrx_word' id='word_1_216' title='bbox 540 2841 589 2892; x_wconf 86' lang='lat' dir='ltr'><strong>per</strong></span> <span class='ocrx_word' id='word_1_217' title='bbox 605 2823 703 2874; x_wconf 82' lang='lat' dir='ltr'><strong>moeniu</strong></span> <span class='ocrx_word' id='word_1_218' title='bbox 720 2823 795 2874; x_wconf 84' lang='lat' dir='ltr'><strong>cives.</strong></span> <span class='ocrx_word' id='word_1_219' title='bbox 814 2823 932 2874; x_wconf 90' lang='lat' dir='ltr'><strong>Docetur</strong></span> <span class='ocrx_word' id='word_1_220' title='bbox 951 2823 1113 2875; x_wconf 82' lang='lat' dir='ltr'><strong>instabilitas</strong></span> 
     </span>
     <span class='ocr_line' id='line_1_28' title="bbox 59 2900 1112 2976; baseline -0.001 -21"><span class='ocrx_word' id='word_1_221' title='bbox 59 2904 152 2976; x_wconf 80' lang='lat' dir='ltr'><strong>vulgi,</strong></span> <span class='ocrx_word' id='word_1_222' title='bbox 168 2900 241 2972; x_wconf 92' lang='lat' dir='ltr'><strong>quod</strong></span> <span class='ocrx_word' id='word_1_223' title='bbox 252 2901 389 2952; x_wconf 80' lang='lat' dir='ltr'><strong>fortunam</strong></span> <span class='ocrx_word' id='word_1_224' title='bbox 401 2903 528 2972; x_wconf 84' lang='lat' dir='ltr'><strong>sequitur.</strong></span> <span class='ocrx_word' id='word_1_225' title='bbox 542 2903 638 2954; x_wconf 89' lang='lat' dir='ltr'><strong>Nullus</strong></span> <span class='ocrx_word' id='word_1_226' title='bbox 653 2917 692 2954; x_wconf 84' lang='lat' dir='ltr'><strong>est</strong></span> <span class='ocrx_word' id='word_1_227' title='bbox 707 2916 802 2973; x_wconf 86' lang='lat' dir='ltr'><strong>poeta,</strong></span> <span class='ocrx_word' id='word_1_228' title='bbox 816 2904 861 2972; x_wconf 91' lang='lat' dir='ltr'><strong>qul</strong></span> <span class='ocrx_word' id='word_1_229' title='bbox 876 2921 930 2953; x_wconf 91' lang='lat' dir='ltr'><strong>nou</strong></span> <span class='ocrx_word' id='word_1_230' title='bbox 943 2903 1013 2954; x_wconf 87' lang='lat' dir='ltr'><strong>hane</strong></span> <span class='ocrx_word' id='word_1_231' title='bbox 1025 2903 1112 2974; x_wconf 89' lang='lat' dir='ltr'><strong>plebis</strong></span> 
     </span>
     <span class='ocr_line' id='line_1_29' title="bbox 59 2981 1115 3055; baseline -0.001 -18"><span class='ocrx_word' id='word_1_232' title='bbox 59 2984 271 3040; x_wconf 84' lang='lat' dir='ltr'><strong>inconstantiam</strong></span> <span class='ocrx_word' id='word_1_233' title='bbox 285 2981 407 3033; x_wconf 36' lang='lat' dir='ltr'><strong>,vividius</strong></span> <span class='ocrx_word' id='word_1_234' title='bbox 430 2982 588 3052; x_wconf 83' lang='lat' dir='ltr'><strong>depinxerit.</strong></span> <span class='ocrx_word' id='word_1_235' title='bbox 604 3011 640 3023; x_wconf 84' lang='lat'><strong>·-</strong></span> <span class='ocrx_word' id='word_1_236' title='bbox 663 2983 722 3050; x_wconf 75' lang='lat'>4¹⁵·</span> <span class='ocrx_word' id='word_1_237' title='bbox 738 3001 803 3055; x_wconf 85' lang='lat' dir='ltr'><strong>quos</strong></span> <span class='ocrx_word' id='word_1_238' title='bbox 816 2981 874 3034; x_wconf 73' lang='lat' dir='ltr'><strong>heta</strong></span> <span class='ocrx_word' id='word_1_239' title='bbox 886 2982 979 3051; x_wconf 79' lang='lat' dir='ltr'><strong>fronte</strong></span> <span class='ocrx_word' id='word_1_240' title='bbox 994 2983 1115 3038; x_wconf 65' lang='lat' dir='ltr'><strong>Lariano,</strong></span> 
     </span>
     <span class='ocr_line' id='line_1_30' title="bbox 58 3057 1114 3133; baseline -0.002 -19"><span class='ocrx_word' id='word_1_241' title='bbox 58 3064 153 3115; x_wconf 87' lang='lat' dir='ltr'><strong>Potius</strong></span> <span class='ocrx_word' id='word_1_242' title='bbox 163 3061 267 3123; x_wconf 79' lang='lat' dir='ltr'><strong>fronte,</strong></span> <span class='ocrx_word' id='word_1_243' title='bbox 278 3074 357 3129; x_wconf 82' lang='lat' dir='ltr'><strong>quam</strong></span> <span class='ocrx_word' id='word_1_244' title='bbox 371 3060 459 3112; x_wconf 87' lang='lat' dir='ltr'><strong>animo</strong></span> <span class='ocrx_word' id='word_1_245' title='bbox 470 3057 535 3112; x_wconf 83' lang='lat' dir='ltr'><strong>dixit</strong></span> <span class='ocrx_word' id='word_1_246' title='bbox 547 3084 552 3111; x_wconf 89' lang='lat'><strong>:</strong></span> <span class='ocrx_word' id='word_1_247' title='bbox 564 3063 628 3131; x_wconf 87' lang='lat' dir='ltr'><strong>quia</strong></span> <span class='ocrx_word' id='word_1_248' title='bbox 638 3062 700 3113; x_wconf 87' lang='lat' dir='ltr'><strong>licet</strong></span> <span class='ocrx_word' id='word_1_249' title='bbox 710 3075 821 3133; x_wconf 82' lang='lat' dir='ltr'><strong>propter</strong></span> <span class='ocrx_word' id='word_1_250' title='bbox 830 3063 931 3113; x_wconf 84' lang='lat' dir='ltr'><strong>Amatae</strong></span> <span class='ocrx_word' id='word_1_251' title='bbox 939 3061 1114 3132; x_wconf 81' lang='lat' dir='ltr'><strong>suspendium</strong></span> 
     </span>
     <span class='ocr_line' id='line_1_31' title="bbox 59 3139 1113 3210; baseline -0.004 -17"><span class='ocrx_word' id='word_1_252' title='bbox 59 3143 185 3207; x_wconf 84' lang='lat' dir='ltr'><strong>doleret,</strong></span> <span class='ocrx_word' id='word_1_253' title='bbox 205 3153 302 3192; x_wconf 60' lang='lat' dir='ltr'><strong>tamen,</strong></span> <span class='ocrx_word' id='word_1_254' title='bbox 313 3140 411 3210; x_wconf 74' lang='lat' dir='ltr'><strong>premit</strong></span> <span class='ocrx_word' id='word_1_255' title='bbox 427 3139 513 3192; x_wconf 64' lang='lat' dir='ltr'><strong>alteim</strong></span> <span class='ocrx_word' id='word_1_256' title='bbox 531 3142 609 3193; x_wconf 78' lang='lat' dir='ltr'><strong>corde</strong></span> <span class='ocrx_word' id='word_1_257' title='bbox 628 3141 755 3194; x_wconf 82' lang='lat' dir='ltr'><strong>dolorem.</strong></span> <span class='ocrx_word' id='word_1_258' title='bbox 770 3144 801 3192; x_wconf 78' lang='lat' dir='ltr'><strong>A.</strong></span> <span class='ocrx_word' id='word_1_259' title='bbox 816 3163 851 3181; x_wconf 59' lang='grc' dir='ltr'><strong>-ι</strong></span> <span class='ocrx_word' id='word_1_260' title='bbox 867 3142 927 3208; x_wconf 74' lang='grc'>418.</span> <span class='ocrx_word' id='word_1_261' title='bbox 946 3140 1113 3194; x_wconf 82' lang='lat' dir='ltr'><strong>Dardanium</strong></span> 
     </span>
     <span class='ocr_line' id='line_1_32' title="bbox 59 3218 1114 3292; baseline -0.006 -18"><span class='ocrx_word' id='word_1_262' title='bbox 59 3223 178 3274; x_wconf 79' lang='lat' dir='ltr'><strong>AEnean.</strong></span> <span class='ocrx_word' id='word_1_263' title='bbox 194 3221 244 3270; x_wconf 85' lang='lat' dir='ltr'><strong>Per</strong></span> <span class='ocrx_word' id='word_1_264' title='bbox 261 3237 278 3270; x_wconf 82' lang='lat' dir='ltr'><strong>n</strong></span> <span class='ocrx_word' id='word_1_265' title='bbox 295 3219 466 3270; x_wconf 83' lang='lat' dir='ltr'><strong>scribendum</strong></span> <span class='ocrx_word' id='word_1_266' title='bbox 480 3234 537 3286; x_wconf 87' lang='lat' dir='ltr'><strong>est,</strong></span> <span class='ocrx_word' id='word_1_267' title='bbox 553 3234 665 3292; x_wconf 82' lang='lat' dir='ltr'><strong>propter</strong></span> <span class='ocrx_word' id='word_1_268' title='bbox 680 3222 802 3273; x_wconf 84' lang='lat' dir='ltr'><strong>vocalem</strong></span> <span class='ocrx_word' id='word_1_269' title='bbox 818 3218 1114 3291; x_wconf 71' lang='lat' dir='ltr'><strong>sequentem-laud</strong></span> 
     </span>
     <span class='ocr_line' id='line_1_33' title="bbox 60 3297 1114 3372; baseline -0.007 -17"><span class='ocrx_word' id='word_1_270' title='bbox 60 3319 124 3355; x_wconf 81' lang='lat' dir='ltr'><strong>vera</strong></span> <span class='ocrx_word' id='word_1_271' title='bbox 144 3298 229 3352; x_wconf 83' lang='lat' dir='ltr'><strong>illusit</strong></span> <span class='ocrx_word' id='word_1_272' title='bbox 247 3300 343 3372; x_wconf 75' lang='lat' dir='ltr'><strong>imapo.</strong></span> <span class='ocrx_word' id='word_1_273' title='bbox 354 3297 416 3352; x_wconf 80' lang='lat' dir='ltr'><strong>Non</strong></span> <span class='ocrx_word' id='word_1_274' title='bbox 429 3303 499 3353; x_wconf 85' lang='lat' dir='ltr'><strong>enim</strong></span> <span class='ocrx_word' id='word_1_275' title='bbox 512 3301 595 3352; x_wconf 86' lang='lat' dir='ltr'><strong>illusit</strong></span> <span class='ocrx_word' id='word_1_276' title='bbox 610 3319 671 3353; x_wconf 82' lang='lat' dir='ltr'><strong>eum</strong></span> <span class='ocrx_word' id='word_1_277' title='bbox 682 3321 744 3359; x_wconf 76' lang='lat' dir='ltr'><strong>veru</strong></span> <span class='ocrx_word' id='word_1_278' title='bbox 759 3303 862 3372; x_wconf 82' lang='lat' dir='ltr'><strong>imago,</strong></span> <span class='ocrx_word' id='word_1_279' title='bbox 877 3302 942 3371; x_wconf 91' lang='lat' dir='ltr'><strong>quia</strong></span> <span class='ocrx_word' id='word_1_280' title='bbox 959 3299 1039 3351; x_wconf 83' lang='lat' dir='ltr'><strong>facile</strong></span> <span class='ocrx_word' id='word_1_281' title='bbox 1055 3311 1114 3350; x_wconf 86' lang='lat' dir='ltr'><strong>erat</strong></span> 
     </span>
     <span class='ocr_line' id='line_1_34' title="bbox 58 3377 1111 3453; baseline -0.008 -17"><span class='ocrx_word' id='word_1_282' title='bbox 58 3399 123 3436; x_wconf 90' lang='lat' dir='ltr'><strong>eum</strong></span> <span class='ocrx_word' id='word_1_283' title='bbox 136 3383 205 3432; x_wconf 84' lang='lat' dir='ltr'><strong>inter</strong></span> <span class='ocrx_word' id='word_1_284' title='bbox 217 3392 328 3431; x_wconf 78' lang='lat' dir='ltr'><strong>eeteros</strong></span> <span class='ocrx_word' id='word_1_285' title='bbox 338 3399 482 3452; x_wconf 84' lang='lat' dir='ltr'><strong>agnoscere</strong></span> <span class='ocrx_word' id='word_1_286' title='bbox 496 3418 503 3448; x_wconf 84' lang='lat'><strong>,</strong></span> <span class='ocrx_word' id='word_1_287' title='bbox 516 3384 595 3442; x_wconf 77' lang='lat' dir='ltr'><strong>etiarn</strong></span> <span class='ocrx_word' id='word_1_288' title='bbox 608 3382 687 3453; x_wconf 87' lang='lat' dir='ltr'><strong>longe</strong></span> <span class='ocrx_word' id='word_1_289' title='bbox 696 3381 786 3433; x_wconf 88' lang='lat' dir='ltr'><strong>adhuc</strong></span> <span class='ocrx_word' id='word_1_290' title='bbox 797 3381 949 3432; x_wconf 86' lang='lat' dir='ltr'><strong>distantem.</strong></span> <span class='ocrx_word' id='word_1_291' title='bbox 960 3381 991 3430; x_wconf 81' lang='lat' dir='ltr'><strong>A.</strong></span> <span class='ocrx_word' id='word_1_292' title='bbox 1005 3377 1111 3444; x_wconf 63' lang='grc'>-421,</span> 
     </span>
     <span class='ocr_line' id='line_1_35' title="bbox 59 3455 1114 3536; baseline -0.003 -23"><span class='ocrx_word' id='word_1_293' title='bbox 59 3479 146 3536; x_wconf 87' lang='lat' dir='ltr'><strong>quum</strong></span> <span class='ocrx_word' id='word_1_294' title='bbox 156 3455 274 3533; x_wconf 74' lang='lat' dir='ltr'><strong>primum</strong></span> <span class='ocrx_word' id='word_1_295' title='bbox 287 3461 349 3512; x_wconf 76' lang='lat' dir='ltr'><strong>duta</strong></span> <span class='ocrx_word' id='word_1_296' title='bbox 361 3462 438 3533; x_wconf 84' lang='lat' dir='ltr'><strong>copia</strong></span> <span class='ocrx_word' id='word_1_297' title='bbox 445 3461 538 3533; x_wconf 78' lang='lat' dir='ltr'><strong>fundi.</strong></span> <span class='ocrx_word' id='word_1_298' title='bbox 549 3465 589 3514; x_wconf 86' lang='lat' dir='ltr'><strong>Ita</strong></span> <span class='ocrx_word' id='word_1_299' title='bbox 603 3463 630 3514; x_wconf 89' lang='lat' dir='ltr'><strong>in</strong></span> <span class='ocrx_word' id='word_1_300' title='bbox 644 3463 746 3515; x_wconf 84' lang='lat' dir='ltr'><strong>AEneid.</strong></span> <span class='ocrx_word' id='word_1_301' title='bbox 761 3462 807 3514; x_wconf 90' lang='lat' dir='ltr'><strong>lib.</strong></span> <span class='ocrx_word' id='word_1_302' title='bbox 821 3464 849 3526; x_wconf 83' lang='lat'><strong>1,</strong></span> <span class='ocrx_word' id='word_1_303' title='bbox 866 3479 891 3512; x_wconf 82' lang='lat' dir='ltr'><strong>v.</strong></span> <span class='ocrx_word' id='word_1_304' title='bbox 906 3460 972 3528; x_wconf 66' lang='lat'><strong>5243</strong></span> <span class='ocrx_word' id='word_1_305' title='bbox 986 3473 1013 3512; x_wconf 89' lang='lat' dir='ltr'><strong>et</strong></span> <span class='ocrx_word' id='word_1_306' title='bbox 1024 3462 1051 3510; x_wconf 89' lang='lat' dir='ltr'><strong>in</strong></span> <span class='ocrx_word' id='word_1_307' title='bbox 1063 3477 1114 3511; x_wconf 91' lang='lat' dir='ltr'><strong>un-</strong></span> 
     </span>
     <span class='ocr_line' id='line_1_36' title="bbox 60 3539 1114 3616; baseline -0.001 -23"><span class='ocrx_word' id='word_1_308' title='bbox 60 3542 185 3605; x_wconf 82' lang='lat' dir='ltr'><strong>decimo,</strong></span> <span class='ocrx_word' id='word_1_309' title='bbox 202 3560 227 3591; x_wconf 88' lang='lat' dir='ltr'><strong>v.</strong></span> <span class='ocrx_word' id='word_1_310' title='bbox 244 3539 312 3608; x_wconf 68' lang='lat'><strong>248:</strong></span> <span class='ocrx_word' id='word_1_311' title='bbox 330 3543 472 3616; x_wconf 83' lang='lat' dir='ltr'><strong>Postquam</strong></span> <span class='ocrx_word' id='word_1_312' title='bbox 488 3544 649 3616; x_wconf 70' lang='lat' dir='ltr'><strong>intrepressi;</strong></span> <span class='ocrx_word' id='word_1_313' title='bbox 660 3545 691 3594; x_wconf 71' lang='lat' dir='ltr'><strong>‘et</strong></span> <span class='ocrx_word' id='word_1_314' title='bbox 707 3561 795 3595; x_wconf 82' lang='lat' dir='ltr'><strong>corum</strong></span> <span class='ocrx_word' id='word_1_315' title='bbox 813 3543 874 3592; x_wconf 83' lang='lat' dir='ltr'><strong>data</strong></span> <span class='ocrx_word' id='word_1_316' title='bbox 889 3542 965 3614; x_wconf 82' lang='lat' dir='ltr'><strong>copia</strong></span> <span class='ocrx_word' id='word_1_317' title='bbox 972 3539 1063 3611; x_wconf 79' lang='lat' dir='ltr'><strong>fandi.</strong></span> <span class='ocrx_word' id='word_1_318' title='bbox 1079 3569 1114 3580; x_wconf 90' lang='lat'><strong>—··</strong></span> 
     </span>
     <span class='ocr_line' id='line_1_37' title="bbox 59 3613 923 3694; baseline -0.001 -21"><span class='ocrx_word' id='word_1_319' title='bbox 59 3620 154 3687; x_wconf 57' lang='lat'><strong>422⁰..</strong></span> <span class='ocrx_word' id='word_1_320' title='bbox 163 3619 224 3688; x_wconf 64' lang='lat'><strong>425.</strong></span> <span class='ocrx_word' id='word_1_321' title='bbox 236 3619 305 3671; x_wconf 83' lang='lat' dir='ltr'><strong>Vide</strong></span> <span class='ocrx_word' id='word_1_322' title='bbox 316 3618 456 3692; x_wconf 77' lang='lat' dir='ltr'><strong>Virgilium</strong></span> <span class='ocrx_word' id='word_1_323' title='bbox 467 3623 494 3672; x_wconf 93' lang='lat' dir='ltr'><strong>in</strong></span> <span class='ocrx_word' id='word_1_324' title='bbox 505 3613 607 3674; x_wconf 76' lang='lat' dir='ltr'><strong>AEneid.</strong></span> <span class='ocrx_word' id='word_1_325' title='bbox 621 3622 668 3674; x_wconf 90' lang='lat' dir='ltr'><strong>lib.</strong></span> <span class='ocrx_word' id='word_1_326' title='bbox 681 3625 732 3690; x_wconf 87' lang='lat' dir='ltr'><strong>Vl,</strong></span> <span class='ocrx_word' id='word_1_327' title='bbox 746 3643 769 3674; x_wconf 88' lang='lat' dir='ltr'><strong>v.</strong></span> <span class='ocrx_word' id='word_1_328' title='bbox 783 3623 851 3692; x_wconf 83' lang='lat'><strong>687,</strong></span> <span class='ocrx_word' id='word_1_329' title='bbox 865 3640 923 3694; x_wconf 89' lang='lat' dir='ltr'><strong>sqq.</strong></span> 
     </span>
    </p>
   </div>
   <div class='ocr_carea' id='block_1_4' title="bbox 168 3743 825 4042">
    <p class='ocr_par' dir='ltr' id='par_1_13' title="bbox 168 3743 825 4042">
     <span class='ocr_line' id='line_1_38' title="bbox 171 3743 793 3818; baseline 0.011 -26"><span class='ocrx_word' id='word_1_330' title='bbox 171 3744 273 3795; x_wconf 86' lang='lat' dir='ltr'><strong>Venisti</strong></span> <span class='ocrx_word' id='word_1_331' title='bbox 288 3743 412 3810; x_wconf 87' lang='lat' dir='ltr'><strong>tandem,</strong></span> <span class='ocrx_word' id='word_1_332' title='bbox 424 3759 523 3817; x_wconf 85' lang='lat' dir='ltr'><strong>tuaque</strong></span> <span class='ocrx_word' id='word_1_333' title='bbox 536 3759 676 3818; x_wconf 85' lang='lat' dir='ltr'><strong>expectata</strong></span> <span class='ocrx_word' id='word_1_334' title='bbox 687 3749 793 3818; x_wconf 89' lang='lat' dir='ltr'><strong>parenti</strong></span> 
     </span>
     <span class='ocr_line' id='line_1_39' title="bbox 170 3824 777 3896; baseline 0.012 -24"><span class='ocrx_word' id='word_1_335' title='bbox 170 3824 241 3874; x_wconf 90' lang='lat' dir='ltr'><strong>Vicit</strong></span> <span class='ocrx_word' id='word_1_336' title='bbox 252 3825 302 3875; x_wconf 87' lang='lat' dir='ltr'><strong>iter</strong></span> <span class='ocrx_word' id='word_1_337' title='bbox 314 3824 411 3876; x_wconf 87' lang='lat' dir='ltr'><strong>durum</strong></span> <span class='ocrx_word' id='word_1_338' title='bbox 423 3828 524 3896; x_wconf 86' lang='lat' dir='ltr'><strong>pietas;</strong></span> <span class='ocrx_word' id='word_1_339' title='bbox 538 3827 617 3879; x_wconf 89' lang='lat' dir='ltr'><strong>da&#39;tur</strong></span> <span class='ocrx_word' id='word_1_340' title='bbox 630 3847 677 3879; x_wconf 89' lang='lat' dir='ltr'><strong>ora</strong></span> <span class='ocrx_word' id='word_1_341' title='bbox 690 3829 777 3893; x_wconf 87' lang='lat' dir='ltr'><strong>tueri,</strong></span> 
     </span>
     <span class='ocr_line' id='line_1_40' title="bbox 168 3904 825 3972; baseline 0.011 -18"><span class='ocrx_word' id='word_1_342' title='bbox 168 3904 253 3972; x_wconf 86' lang='lat' dir='ltr'><strong>Nate,</strong></span> <span class='ocrx_word' id='word_1_343' title='bbox 265 3917 327 3970; x_wconf 82' lang='lat' dir='ltr'><strong>tua,</strong></span> <span class='ocrx_word' id='word_1_344' title='bbox 341 3919 367 3957; x_wconf 91' lang='lat' dir='ltr'><strong>et</strong></span> <span class='ocrx_word' id='word_1_345' title='bbox 378 3925 454 3959; x_wconf 89' lang='lat' dir='ltr'><strong>veras</strong></span> <span class='ocrx_word' id='word_1_346' title='bbox 468 3907 560 3960; x_wconf 88' lang='lat' dir='ltr'><strong>audire</strong></span> <span class='ocrx_word' id='word_1_347' title='bbox 573 3921 599 3960; x_wconf 90' lang='lat' dir='ltr'><strong>et</strong></span> <span class='ocrx_word' id='word_1_348' title='bbox 612 3908 724 3961; x_wconf 86' lang='lat' dir='ltr'><strong>reddere</strong></span> <span class='ocrx_word' id='word_1_349' title='bbox 736 3927 825 3960; x_wconf 87' lang='lat' dir='ltr'><strong>voces.</strong></span> 
     </span>
     <span class='ocr_line' id='line_1_41' title="bbox 170 3988 796 4042; baseline 0.008 -7"><span class='ocrx_word' id='word_1_350' title='bbox 170 4021 369 4038; x_wconf 90' lang='grc'><strong>........</strong></span> <span class='ocrx_word' id='word_1_351' title='bbox 388 4021 397 4041; x_wconf 68' lang='grc'><strong>;.</strong></span> <span class='ocrx_word' id='word_1_352' title='bbox 417 3989 474 4041; x_wconf 86' lang='lat' dir='ltr'><strong>Nec</strong></span> <span class='ocrx_word' id='word_1_353' title='bbox 487 4007 529 4042; x_wconf 84' lang='lat' dir='ltr'><strong>me</strong></span> <span class='ocrx_word' id='word_1_354' title='bbox 542 4009 601 4041; x_wconf 87' lang='lat' dir='ltr'><strong>mea</strong></span> <span class='ocrx_word' id='word_1_355' title='bbox 614 4007 678 4042; x_wconf 89' lang='lat' dir='ltr'><strong>cura</strong></span> <span class='ocrx_word' id='word_1_356' title='bbox 691 3988 796 4042; x_wconf 75' lang='lat' dir='ltr'><strong>fefellit,</strong></span> 
     </span>
    </p>
   </div>
   <div class='ocr_carea' id='block_1_5' title="bbox 0 0 1365 4596">
    <p class='ocr_par' dir='ltr' id='par_1_14' title="bbox 0 0 1365 4596">
     <span class='ocr_line' id='line_1_42' title="bbox 0 0 1365 4596; baseline 0 0"><span class='ocrx_word' id='word_1_357' title='bbox 0 0 1365 4596; x_wconf 95' lang='lat' dir='ltr'><strong> </strong></span> 
     </span>
    </p>
   </div>
  </div>
 </body>
</html>
