2736 4598
267 303 329 380 204
513 300 548 362 r.
572 295 803 360 vmctnn
826 283 1059 362 narolus

266 423 312 486 Ut
323 420 417 502 vidit,
431 423 571 511 laevique
583 437 698 510 patens
710 421 745 484 in
756 435 890 508 pectore
903 420 1021 485 volnus

266 523 598 616 Cuspidis'Ausoniae,
611 525 753 593 lacrimis
765 527 809 590 ita
821 527 909 590 latur
920 525 1044 591 obortis
1056 549 1064 589 t

270 661 285 692 a
296 635 403 713 Tene,
417 634 538 723 inquit,
552 631 737 699 miserande
750 655 847 722 puer,
862 655 966 721 quum
977 633 1051 698 laeta
1065 633 1210 713 veniret,

265 738 390 804 Invidit
402 743 546 804 Fortuna
557 739 653 817 mihi,
668 761 710 803 ne
723 761 822 826 regna
834 737 963 803 videres

264 847 398 925 Nostra,
412 844 574 935 nequead
587 845 682 910 sedes
693 845 799 910 victor
810 843 968 908 veherere
981 845 1155 932 patemasl

265 952 341 1015 Non
353 951 424 1017 haec
436 950 590 1016 Evandro
603 950 645 1016 de
659 968 691 1016 te
702 949 863 1038 promisse
875 951 1003 1038 parenti
1136 1013 1139 1018 ,
1282 964 1311 1022 ts

265 1056 449 1123 Discedens
461 1055 617 1122 dederam
630 1080 636 1118 :
651 1079 755 1146 quum
766 1077 820 1119 me
833 1056 1022 1144 complexus
1035 1056 1172 1120 euntem

265 1163 414 1229 Mitteret
426 1164 460 1228 in
472 1186 628 1252 magnum
640 1162 830 1250 imperium,
843 1179 1062 1251 metuensque
1073 1177 1228 1230 moneret

265 1270 358 1334 Acris
370 1291 441 1334 esse
453 1268 555 1348 viros,
569 1291 645 1332 cum
658 1267 740 1332 dura
752 1267 864 1356 praelia
875 1284 983 1354 gente.
1354 1289 1355 1338 t

265 1374 309 1437 Et
320 1397 409 1439 nunc
421 1374 476 1437 ille
488 1373 625 1463 quidem
636 1395 694 1460 spe
706 1374 848 1438 multum
861 1389 975 1460 coptus
988 1372 1076 1437 inani
1354 1343 1355 1436 l

267 1481 347 1543 Fors
360 1495 393 1542 et
404 1495 479 1542 vota
492 1479 582 1558 facit,
596 1478 808 1568 cumulatque
820 1478 933 1543 altaria
946 1476 1052 1543 donis.
1285 1494 1312 1538 50

265 1587 334 1650 Nos
342 1586 501 1676 juvenem
514 1587 715 1666 exanimum,
729 1603 762 1652 et
774 1587 820 1650 nil
828 1586 898 1676 jam
910 1585 1094 1652 caelestihus
1106 1586 1182 1650 ullis

297 1771 336 1830 do.
357 1771 444 1838 lentpue
460 1774 557 1820 Oudart.
577 1779 600 1820 in
617 1790 709 1838 corpore
726 1791 763 1838 pr.
780 1773 865 1820 Moret.
883 1798 915 1810 ·-
932 1772 971 1830 dt.
989 1777 1021 1820 sic
1033 1774 1102 1837 fatur
1119 1773 1167 1820 duo
1185 1775 1310 1820 Burmann.

266 1842 347 1900 -dn
359 1848 398 1890 cui
413 1845 427 1890 l.
445 1847 549 1910 Hagen,
566 1846 634 1894 male.
646 1845 726 1903 -lt3.
740 1846 763 1910 f.
777 1845 915 1892 ttttzutich.
936 1862 949 1890 a
968 1862 998 1891 m.
1011 1862 1047 1908 pr.
1064 1861 1091 1890 ne
1110 1862 1129 1891 r.
1149 1849 1238 1891 oem'res
1257 1845 1312 1891 alter

265 1915 392 1979 Ramburg.
405 1934 417 1963 a
429 1933 459 1962 m.
472 1935 518 1965 sec.
535 1943 566 1955 -
581 1919 619 1976 46.
637 1919 735 1963 dederim
746 1935 759 1964 a
771 1935 806 1980 pr.
819 1933 850 1962 m.
865 1916 963 1964 Dorvill.
975 1932 1115 1980 compressus
1126 1915 1222 1964 Vratisl.
1232 1943 1264 1954 -
1274 1916 1310 1977 47.
1355 1919 1356 1976 l

266 1997 365 2034 moveret
376 1989 479 2036 Perrhae.
492 2017 523 2026 -
534 1990 572 2048 48.
589 1991 612 2035 d.
625 1993 649 2034 in
657 1989 736 2052 prelio
748 1989 834 2036 Medic.
850 2005 862 2034 a
881 2004 911 2033 m.
930 2004 990 2045 sec,
1002 1988 1068 2052 quod
1081 2003 1165 2034 senon
1181 1987 1311 2050 intelligere
1355 1983 1356 2050 l

266 2059 354 2105 fatetur
362 2061 441 2106 lleins.
453 2061 545 2109 Scilicet
558 2063 648 2125 putarit
660 2063 807 2123 Apronianus
816 2061 925 2107 dictuma
935 2073 1004 2122 poeta
1014 2077 1020 2106 ε
1030 2068 1118 2124 pentem
1129 2059 1211 2105 duram
1221 2063 1244 2104 in
1252 2066 1312 2122 'proe-
1355 2057 1356 2100 l

268 2128 313 2184 liu,
325 2144 351 2176 nt
362 2134 436 2178 virum
449 2135 472 2178 in
484 2149 586 2196 pugnam
598 2149 674 2180 acrem
686 2149 742 2194 pro,
755 2131 785 2176 ad
796 2147 910 2194 pugnam,
922 2131 1029 2178 dicimus.
1038 2133 1069 2177 od
1075 2129 1229 2195 proelt'olaeid.
1237 2157 1268 2166 -
1276 2132 1310 2176 50.

266 2199 347 2244 Forset
360 2215 408 2246 este
424 2216 491 2262 posse
502 2205 596 2250 Servius
611 2203 722 2266 putabat:
735 2203 810 2247 Forsr’t
827 2201 935 2248 nonnulli
954 2218 991 2264 ap.
1011 2203 1085 2258 Pier.‚
1103 2203 1144 2264 qui
1164 2214 1243 2248 tamen
1261 2217 1311 2246 cum

265 2268 356 2315 Fabric.
370 2283 393 2317 et
405 2273 482 2318 lleins.
494 2290 519 2319 ac
531 2275 610 2320 Burm.
626 2277 679 2320 satis
696 2274 771 2318 firmat
787 2272 906 2335 vulgatum
918 2275 975 2319 Fors
987 2283 1015 2318 et.
1029 2275 1084 2336 Erat
1094 2289 1189 2337 quoque
1202 2289 1240 2334 ap.
1253 2273 1310 2318 Pier.

266 2337 293 2382 in
304 2337 361 2384 lihh.
380 2341 432 2386 Sors
448 2350 483 2397 et,
501 2342 602 2389 sollenni
617 2359 704 2390 errore.
717 2367 748 2378 -
761 2343 798 2388 51.
817 2347 942 2390 examinem
958 2343 1012 2390 edd.
1031 2355 1087 2390 vett.
1104 2342 1194 2405 aliquot
1206 2355 1230 2389 ct
1244 2341 1310 2389 codd.

266 2493 411 2566 Comparat
422 2499 526 2554 Servius
539 2503 615 2556 Statii
627 2504 716 2556 locum
727 2505 764 2555 VI
809 2523 880 2556 nunc
896 2524 946 2577 pro
960 2505 1063 2578 vulgari
1073 2526 1080 2555 ε
1093 2505 1200 2556 mittere
1213 2501 1249 2554 ad
1261 2500 1306 2553 de·

265 2573 349 2628 Theb.
370 2578 402 2649 37
426 2583 584 2653 sqq-do.
608 2581 682 2649 toevt,
703 2583 765 2655 pul·
809 2581 1307 2636 bellandosLatinosetadnovassedes

265 2653 346 2722 chro,
356 2659 453 2727 puerili
464 2683 470 2712 :
483 2662 603 2714 nondum
613 2675 715 2729 setoso,
729 2664 766 2714 ait
809 2664 837 2714 in
845 2663 920 2714 Latio
931 2663 1162 2734 parandae-49.
1176 2659 1218 2713 5ο.
1231 2661 1308 2712 Color

265 2732 337 2786 Serv.
352 2737 444 2790 Malim
464 2738 497 2792 de
515 2740 571 2792 loto
591 2755 617 2794 et
635 2762 651 2795 a
670 2761 764 2794 cruore
810 2745 946 2794 sententiae
969 2743 1061 2794 similis
1085 2741 1157 2814 apud
1182 2740 1308 2812 Sophocl.

263 2829 379 2888 purgato
394 2821 524 2890 accipere.
537 2851 571 2860 —
583 2822 626 2893 47.
647 2821 766 2872 Mitteret
809 2821 883 2890 Ajac.
898 2821 949 2890 509
962 2841 1002 2892 sq.

265 2893 294 2946 r‘rr
307 2915 432 2970 mapnum
451 2900 607 2972 imperium,
621 2902 655 2953 ad
667 2921 765 2973 paran-
845 2900 887 2953 51.
902 2901 943 2952 nit
954 2903 1011 2972 jam
1027 2900 1168 2954 celestibus
1181 2899 1244 2954 ullis
1259 2903 1309 2953 De·

265 2974 330 3028 dum
337 2978 404 3030 illud
412 2981 547 3051 Trojanis;
557 3001 683 3054 mapnum
693 3021 700 3044 ‚
709 3000 764 3034 res·
810 2981 919 3032 dentem.
928 2981 1054 3034 Animose
1063 2981 1176 3033 dictum!
1186 2981 1309 3034 Referen·
1356 2997 1357 3014 ³

264 3069 359 3126 pedu,
372 3073 451 3130 puto,
463 3061 580 3113 fatorum
591 3075 617 3113 et
626 3063 765 3114 vaticinio·
809 3059 872 3113 dum
885 3074 973 3113 autem
986 3062 1020 3114 ad
1030 3082 1055 3113 v.
1069 3061 1103 3115 50
1115 3071 1173 3114 vota
1180 3061 1257 3130 facit
1266 3080 1307 3112 cu-

266 3155 325 3187 rum
346 3136 378 3190 de
401 3140 482 3191 initiis
503 3142 621 3211 potentis
642 3141 763 3210 imperii,
808 3139 946 3211 mulcetque
956 3138 1054 3190 altaria
1065 3139 1140 3190 donis
1151 3152 1234 3210 atque
1248 3141 1306 3192 hinc

265 3213 339 3282 quod
362 3217 389 3266 in
416 3217 494 3270 ltalia
516 3219 672 3272 conditurus
696 3231 765 3270 esset
808 3218 1002 3271 illustrandum.
1020 3220 1073 3285 Qui
1090 3231 1153 3270 vota
1169 3221 1250 3287 facit,
1267 3223 1307 3272 de-

263 3294 368 3344 AEneas.
381 3294 505 3348 Sollenne
515 3315 578 3349 vero
591 3311 683 3350 nostro
696 3315 763 3367 poe·
809 3298 866 3348 bere
878 3296 975 3348 dicitur
987 3297 1053 3361 diis,
1069 3299 1091 3348 si
1104 3310 1161 3349 rata
1176 3312 1254 3362 sunt;
1269 3303 1306 3352 sin

265 3383 311 3435 ta,
324 3383 353 3420 ut
363 3390 394 3422 ex
404 3373 456 3428 hac
467 3377 527 3447 ipsa
536 3377 707 3448 praedi'ctione
719 3395 764 3446 pe-
807 3377 968 3439 irritasunt,
981 3374 1048 3426 nihil
1058 3375 1145 3427 debet.
1159 3379 1255 3449 ltaque
1266 3383 1306 3450 ju·

265 3461 306 3500 tat
320 3468 365 3517 ee,
378 3470 436 3522 que
449 3455 484 3506 ad
496 3457 710 3528 amplificandam
723 3476 763 3508 re·
807 3457 867 3506 veni
876 3457 948 3523 justa
958 3454 1247 3528 persolvuntTrojani‚
1259 3477 1304 3531 pro

265 3547 325 3579 rum
338 3534 493 3586 tenuitatem
511 3539 565 3588 vim
583 3536 682 3590 hahere
701 3554 763 3606 pos·
801 3551 860 3604 ¹quo
873 3547 936 3586 vota
943 3534 977 3586 ab
986 3533 1111 3587 Evandro
1121 3549 1197 3607 patre
1207 3539 1305 3590 frustra

264 3610 330 3670 sint;
339 3621 368 3659 ut
375 3612 467 3680 paullo
478 3628 551 3668 ante:
563 3616 665 3668 Invidit
672 3617 764 3666 Fortu-
807 3615 1027 3684 susceptafuere,
1037 3627 1064 3666 et
1072 3634 1150 3686 quern
1158 3615 1196 3668 dii
1204 3617 1305 3668 salvum

264 3706 301 3738 na
312 3687 381 3739 mihi
386 3727 395 3753 ,
409 3709 442 3742 ne
454 3711 532 3764 repna
543 3697 640 3747 videres
652 3697 762 3756 Nostra,·
808 3706 834 3746 et
845 3694 1005 3746 incolumem
1018 3713 1075 3748 esse
1087 3695 1206 3748 noluere.
1219 3697 1305 3748 Mani-

264 3780 291 3818 et
301 3785 325 3816 v·
334 3787 359 3818 c.
368 3769 413 3835 IV,
423 3772 472 3840 267
483 3771 616 3848 heureprri
626 3793 763 3846 rerumque
807 3775 875 3826 feste
893 3773 945 3826 hoc
969 3788 1104 3828 mutuatus
1126 3787 1166 3827 est
1185 3789 1269 3846 poeta
1290 3795 1305 3828 a

266 3844 345 3896 oblite
361 3857 488 3900 tuarum:
507 3853 554 3905 ubi
572 3856 607 3905 cf.
627 3853 685 3925 ²75·
698 3856 761 3924 Sup.
807 3853 956 3925 Sophocle:
974 3856 1024 3907 etsi
1035 3854 1184 3925 paullulum
1196 3854 1303 3908 inflexit.

264 3925 314 3990 IX,
329 3926 378 3996 267
390 3927 420 3979 Si
431 3947 522 4000 capere
533 3931 641 3984 Italiam
652 3933 764 4000 sceptris-
807 3934 848 3986 lbi
859 3935 939 4003 Ajm,
953 3953 1034 4006 quum
1040 3953 1090 4006 per
1096 3934 1161 3986 deos
1169 3934 1305 3988 obsecras·

265 4023 316 4078 que
322 4007 406 4076 potiri
416 4008 559 4082 Contiperit
572 4011 672 4065 victori.
680 4015 763 4085 Igitur
807 4027 847 4068 set
862 4013 1014 4079 Termesso,
1037 4026 1068 4064 ut
1087 4014 1146 4066 vite
1164 4028 1305 4085 parceret,
