2690 4596
519 277 739 343 clausu.
1089 287 1150 374 437

106 395 258 461 Dixerat:
273 414 305 462 et
316 397 419 463 multa
432 398 636 489 illacrymans
648 401 739 489 largo
752 424 808 466 ora
820 402 946 490 rigabat
1011 401 1015 408 “

105 505 231 589 Imbre,
245 506 378 571 trahens
391 506 479 571 diros
493 509 648 594 gemitus,
662 508 863 598 rapidosque
876 509 1028 578 dolores:

104 611 218 692 Qualis
231 613 288 675 ubi
301 612 451 677 incubuit
462 611 577 676 validis
590 615 608 676 J
612 614 681 677 ovis
694 615 860 702 unguibus
872 617 954 697 ales,

102 717 148 779 Et
159 739 297 804 parvum
310 718 419 782 effuso
431 717 566 782 divulsit
578 719 736 805 sanguine
749 721 880 801 foetum,

104 822 209 886 Cerva
221 821 337 886 videns
350 823 461 886 miseri
473 822 624 887 turbatur
636 825 753 887 funere
766 825 843 888 nati.

150 930 284 992 Postera
296 929 352 992 lux
363 929 465 993 latum
478 928 655 1017 splendore
668 930 863 1018 impleverat
876 930 1010 995 orbem:

103 1034 203 1098 Tunc
216 1052 310 1124 pater
321 1036 476 1101 infractos
490 1034 579 1099 fatali
591 1037 698 1098 Marte
711 1036 847 1100 Latinus
912 1031 913 1034 ¹

102 1141 274 1206 Defecisse
285 1139 401 1206 videns
415 1142 528 1220 Italos,
542 1155 712 1230 totamque
725 1143 854 1229 potenti

104 1243 232 1310 Cedere
245 1249 411 1312 fortunam
424 1251 547 1326 AEneae,
561 1246 707 1335 bellique
721 1247 914 1327 tumultum,

103 1352 327 1442 Ingentesque
339 1357 450 1418 animo
462 1375 571 1432 curas,
586 1369 619 1417 et
630 1351 756 1416 foedera
767 1353 903 1418 volvens
926 1396 928 1399 -

103 1458 270 1523 Connubii
282 1461 456 1548 promissa,
471 1481 538 1524 suae
551 1476 702 1548 nataeque
715 1459 920 1548 hymenaeos,

103 1568 298 1633 Praestantes
310 1585 406 1633 vocat
418 1569 540 1633 electos
553 1591 593 1634 ex
604 1568 734 1655 agmine
747 1583 817 1633 toto

103 1747 201 1811 vitam,
219 1745 246 1798 id
259 1761 403 1818 propterea
418 1749 497 1812 facit,
512 1761 541 1798 ut
558 1745 658 1798 diutius
675 1759 701 1797 et
717 1747 823 1818 gravius
840 1757 972 1816 torqueat.
992 1749 1023 1800 Α.
1042 1780 1076 1789 -
1089 1770 1150 1824 ²99·

106 1823 200 1894 Qualis
214 1827 260 1876 abi
272 1839 322 1878 etc.
342 1827 417 1880 Ordo
430 1839 483 1891 est,
501 1824 601 1895 qualis,
621 1843 701 1876 cerva
710 1822 817 1888 videns,
837 1824 939 1876 scilicet
951 1839 1057 1897 raptum
1069 1831 1151 1901 pulli,

24 1916 27 1926 “
104 1914 152 1954 aut
163 1901 268 1955 hinnuli
280 1907 335 1971 sui,
352 1905 475 1956 turbatur
488 1905 584 1955 funere
598 1905 687 1954 miseri
700 1903 769 1964 nati;
792 1903 852 1967 ubi,
873 1903 996 1972 quando,
1017 1920 1062 1958 aut
1074 1922 1151 1978 post-

98 1979 200 2053 'quam,
221 1984 276 2036 ales
294 1987 382 2051 Jovis,
400 1984 491 2055 aquila
503 1983 637 2048 incubuit,
658 1983 798 2048 involavit,
819 1994 845 2034 et
864 1994 921 2033 toto
934 2002 1047 2056 corpore
1060 1987 1150 2050 irruit;

103 2065 239 2135 unguibus
255 2065 365 2131 validis,
384 2065 514 2129 fortibus,
536 2064 632 2134 quibus
645 2062 754 2114 tandem
769 2062 886 2133 praedam
899 2083 994 2136 rapere
1006 2069 1107 2136 potuit,
1126 2081 1152 2120 et

103 2141 220 2194 divulsit.
234 2144 261 2196 Si
272 2143 378 2210 Servio,
396 2143 430 2195 ad
443 2142 510 2194 illud
523 2162 553 2195 ex
565 2155 661 2214 quarto
672 2141 797 2192 AEneidos
811 2161 932 2194 manesve
943 2142 1049 2210 revelli,
1063 2144 1156 2198 credi·

102 2239 177 2288 mus,
187 2242 242 2275 non
252 2224 371 2276 dicemus
381 2223 484 2284 divelli;
496 2222 557 2274 licet
568 2224 594 2274 in
604 2223 711 2292 passivo
722 2223 769 2287 sit,
780 2220 913 2287 divulsus,
924 2240 966 2286 sa,
978 2240 1048 2285 sum;
1058 2242 1151 2276 verum

101 2299 240 2368 Lucanus,
259 2323 314 2355 non
330 2303 414 2355 futilis
430 2315 535 2368 auctor,
556 2321 610 2353 non
623 2300 704 2354 semel
717 2299 785 2352 vulsi
796 2301 925 2372 protulit:
945 2303 983 2354 ita
999 2314 1029 2353 ut
1045 2322 1100 2358 non
1116 2306 1151 2356 sit

102 2380 191 2434 solida
202 2385 230 2434 in
243 2403 275 2436 ea
289 2404 317 2436 re
329 2385 412 2437 Servii
424 2385 591 2455 grammatici
604 2383 758 2435 auctoritas.
771 2381 803 2431 A.

91 2459 93 2464 ’
139 2459 199 2512 302.
217 2462 323 2514 Postera
341 2460 387 2514 lux
406 2474 457 2515 etc.
476 2462 555 2514 Redit
574 2461 609 2512 ad
626 2475 701 2534 gesta
716 2461 819 2525 Latini,
839 2462 885 2530 qui
900 2461 1007 2533 nuptias
1021 2459 1081 2513 filiae
1098 2481 1150 2516 suae

102 2557 205 2592 summa
227 2561 291 2594 cura
310 2542 470 2606 celebravit,
488 2543 568 2595 rebus
582 2545 638 2612 jam
656 2541 762 2595 sedatis.
780 2540 852 2608 Quid
869 2541 902 2592 de
919 2541 971 2593 hoe
985 2559 1063 2593 versu
1076 2543 1151 2596 dice-

101 2637 177 2684 mus,
195 2622 218 2672 si
230 2622 349 2672 crastimo
365 2621 432 2672 lucis
445 2622 606 2693 Virgilianas
619 2621 813 2690 descriptiones
824 2621 997 2691 respiciamus
1009 2623 1109 2690 passim
1123 2624 1151 2675 in

102 2700 214 2753 AEneide
227 2717 333 2772 sparsas
346 2715 373 2753 et
384 2721 446 2754 vere
458 2712 635 2773 gemmantes;
649 2701 796 2772 praesertim
805 2698 874 2751 hauc
884 2698 930 2750 lib.
941 2702 986 2763 lV,
996 2719 1020 2750 v.
1033 2703 1049 2752 6
1061 2723 1067 2752 :
1106 2701 1110 2708 “

207 2815 315 2865 Postera
325 2812 443 2865 Phoebea
454 2813 587 2866 lustrabat
598 2812 724 2884 lampade
737 2825 821 2864 terras

207 2895 421 2963 Humentemque
435 2912 531 2944 aurora
544 2893 609 2964 polo
622 2891 772 2945 dimoverat
784 2891 916 2942 umbram.

101 3045 136 3056 —
146 3016 206 3070 303.
223 3017 298 3068 Tunc
305 3027 383 3088 pater
392 3016 533 3088 infractos,
546 3029 595 3069 etc.
611 3013 654 3068 Sic
666 3017 743 3067 Maro
757 3015 861 3069 AEneid.
879 3016 927 3066 XII
939 3015 1009 3066 libro
1021 3017 1147 3069 ineunte:

208 3137 328 3200 Turnus,
341 3148 371 3186 ut
383 3137 512 3188 infractos
525 3135 637 3188 adverso
649 3136 735 3186 Marte
748 3133 857 3185 Latinos

208 3216 344 3267 Defecisse
356 3214 437 3267 videt.

101 3337 181 3390 Unde
198 3356 290 3391 sensns
307 3359 365 3392 esse
384 3353 474 3412 potest
491 3340 620 3414 (utillic)
634 3341 747 3412 duplex,
765 3352 794 3392 ut
810 3338 935 3408 infractos
954 3336 1039 3401 dicat,
1052 3335 1081 3387 id
1096 3351 1148 3405 est,

100 3416 180 3470 valde
192 3419 307 3484 fractos,
326 3433 350 3472 et
364 3435 394 3472 ut
406 3420 536 3493 significet
548 3441 602 3473 non
614 3423 729 3487 fractos,
746 3421 799 3472 boc
812 3418 906 3471 ordine
918 3439 923 3467 ι
937 3417 1047 3467 Latinus
1058 3430 1149 3487 pater,

101 3498 276 3552 videnstunc
288 3501 369 3554 ltalos
384 3505 528 3566 infractos,
545 3503 573 3554 id
589 3516 642 3569 est,
659 3520 797 3572 nunquam
810 3500 876 3551 alias
888 3501 1002 3562 fractos,
1019 3497 1149 3551 defecisse

101 3591 167 3630 tunc
181 3581 281 3645 Marte,
291 3581 319 3632 id
329 3596 368 3634 est
376 3583 449 3633 bello
459 3582 553 3634 fatali:
568 3597 593 3635 et
605 3582 698 3634 videns
709 3595 793 3632 totam
805 3582 939 3632 fortunam
954 3576 1049 3629 cedere
1061 3580 1149 3630 AEneae

10 3677 11 3698 1
100 3661 213 3729 potenti.
228 3662 259 3711 A.
273 3691 307 3699 -
320 3661 379 3713 308.
394 3663 548 3714 Proestantes
561 3673 638 3714 vocat
647 3660 740 3713 electos
754 3677 786 3710 ex
797 3659 904 3732 agmine
917 3667 969 3709 toto
981 3654 1061 3707 Mille
1073 3657 1148 3709 viros.

10 3733 11 3782 3
100 3739 249 3793 Modestius
258 3743 384 3814 Virgilius
394 3751 498 3794 centum
509 3754 621 3795 oratores
630 3741 705 3792 fiuxit
715 3763 721 3793 ε
733 3752 914 3793 verumtamen
925 3737 1009 3790 multa
1019 3750 1080 3787 sunt
1090 3755 1149 3806 quae

100 3817 155 3870 hoc
166 3835 294 3893 purgent,
307 3841 341 3874 ne
351 3834 446 3892 prater
458 3821 566 3873 modum
580 3823 681 3874 dictum
693 3819 825 3872 videatur.
837 3820 907 3871 Turn
921 3815 995 3888 quod
1010 3814 1083 3885 apud
1094 3816 1151 3866 Ma·

10 3919 12 3956 l
101 3917 208 3964 ranem,
221 3915 324 3954 tantum
338 3903 535 3954 comitabantur
547 3903 752 3962 caduceatorem
767 3901 812 3953 lric
826 3912 913 3956 autem
926 3900 1034 3950 AEneam
1049 3897 1146 3966 ipsum.

10 4001 12 4030 v
101 3980 170 4033 Tum
187 3982 261 4054 quod
279 3983 334 4036 illic
349 3982 484 4056 hospitem
501 3997 528 4038 et
544 3985 636 4038 auxilii
651 3982 787 4056 indigum,
804 3981 849 4034 hic
862 3993 951 4036 autem
963 3978 1104 4041 victoresne
1124 3987 1150 4026 ⁰¹
