2718 4594
269 657 271 660 Ι
356 518 787 610 oxcoasost

230 799 285 866 De
297 799 467 866 Diomedes
480 799 609 869 sedibus
623 805 658 864 in
671 800 809 904 Apuleia
824 805 923 872 litore.

51 1040 127 1126 Ln-
140 1075 193 1138 XI,
210 1072 261 1138 243
277 1071 413 1136 Vidimus,
430 1091 445 1124 o
463 1073 545 1138 cives,
559 1073 710 1126 Diomedem
725 1074 877 1149 Arpivoque
893 1090 975 1132 costra
992 1096 1056 1148 etc.;
1073 1099 1099 1140 et
1159 1099 1160 1102 ’

52 1173 136 1224 supra
150 1154 223 1218 VIII,
233 1169 250 1220 9
262 1153 382 1204 Mittitur
393 1163 419 1204 et
430 1153 522 1224 mupai
533 1153 651 1208 Venulus
662 1155 796 1206 Diomedis
804 1158 840 1208 ad
848 1159 936 1209 urbem
943 1197 951 1221 ,
967 1161 1020 1231 Qui
1026 1177 1101 1234 petat

52 1233 197 1285 auxilium.
211 1234 273 1300 Qua
289 1245 345 1284 arte
361 1245 444 1303 poeta
458 1235 571 1304 septimo
588 1233 658 1286 libro
675 1233 779 1287 Graecas
795 1237 913 1290 colonias
927 1254 953 1292 et
966 1245 1098 1314 populos,

53 1331 172 1384 quorum
184 1314 313 1384 originem
326 1324 428 1372 vetares
442 1313 540 1364 fabulae
556 1334 572 1366 a
587 1314 685 1366 Graecr's
701 1317 872 1385 repetebant,
893 1319 992 1371 Latinis
1008 1335 1034 1374 et
1047 1327 1101 1378 Ru-

54 1392 119 1442 tulis
130 1391 232 1444 inbelli
243 1393 398 1444 societatem
408 1392 541 1461 adjunxit,
555 1393 649 1445 eadem
656 1413 728 1445 nunc
736 1394 770 1446 ad
780 1395 936 1448 Diomedem
945 1400 972 1451 iu
986 1416 1102 1457 extrema

54 1473 141 1523 Italiae
153 1491 201 1524 ora
213 1473 247 1524 de
259 1472 362 1524 auxiliis
374 1473 496 1543 petendis
511 1474 611 1546 legatos
624 1477 693 1526 mitti
703 1488 800 1527 narrat.
811 1477 934 1543 Quorum
946 1483 1103 1536 auxiliorum

54 1551 202 1604 adventum
218 1570 300 1623 quum
312 1555 439 1624 temporis
455 1559 596 1625 angustIae,
614 1556 710 1626 quibus
723 1555 827 1628 reliqua
837 1557 901 1610 belli
914 1575 1008 1614 eventa
1019 1565 1105 1616 inclu-

56 1631 175 1698 duntur,
188 1651 242 1685 non
255 1633 410 1700 admittant,
419 1635 568 1705 legatorum
578 1636 666 1688 reditu
677 1650 702 1689 et
712 1640 907 1692 renuntiatione
918 1643 1007 1694 auxilii
1017 1648 1106 1717 negati
1190 1675 1192 1680 .

55 1711 184 1780 preclare
201 1715 284 1764 utitur
302 1713 378 1764 Maro
399 1713 433 1764 ad
451 1731 540 1765 rerum
554 1716 653 1766 exitum
667 1716 887 1784 accelerandum,
903 1731 929 1770 et
949 1722 1103 1775 Latinorum

57 1791 174 1844 consilia
184 1793 382 1864 praecipitanda.
396 1795 465 1844 Nam
476 1795 592 1864 primum
604 1795 699 1846 Incidit
710 1795 750 1866 (v.
764 1796 810 1847 lib.
822 1797 871 1861 XI,
883 1797 934 1849 225
944 1803 1020 1872 sqq.)
1034 1803 1107 1874 lega·

59 1883 150 1922 torum
167 1874 267 1926 reditus
285 1875 312 1924 in
331 1874 359 1925 id
378 1887 499 1945 tempus,
520 1892 573 1944 quo
591 1887 652 1926 ante
671 1893 773 1945 paucos
790 1874 846 1926 dies
864 1878 994 1930 aLatinis
1011 1900 1107 1952 parum

57 1969 189 2022 prospere
201 1968 258 2006 erat
269 1967 435 2026 pugnatum,
455 1953 620 2024 consiliaque
634 1973 726 2006 eorum
739 1957 795 2022 jam
811 1955 944 2016 inclinatis
962 1961 1055 2010 animis
1073 1960 1108 2011 ad
1208 1977 1211 1998 ³

59 2051 157 2102 pacem
178 2035 344 2104 spectabantl
363 2035 432 2085 Tum
449 2051 513 2084 vero
533 2033 614 2104 legati
632 2052 686 2084 non
700 2034 781 2084 modo
800 2047 925 2105 negatum
945 2055 961 2087 a
978 2036 1107 2090 Diomede

59 2112 189 2163 auxilium
200 2117 366 2178 renuntiant,
379 2131 471 2164 verum
483 2114 564 2165 etiam
576 2113 689 2164 consilia
699 2115 769 2182 ejus,
783 2125 809 2164 et
820 2113 948 2166 mandata
958 2130 1107 2186 exponunt,

60 2192 160 2261 quibus
184 2194 219 2245 ad
242 2193 456 2266 componendam
483 2212 544 2245 eum
568 2194 652 2245 AEnea
674 2212 770 2263 pacem
796 2195 950 2266 gravissime
976 2196 1107 2250 hortatur.

61 2273 147 2324 Erant
163 2288 251 2328 autem
269 2275 302 2328 de
316 2275 453 2327 Diomedis
471 2276 498 2326 in
514 2275 635 2340 Daunia,
656 2275 713 2345 quae
731 2274 834 2345 Apuliae
851 2293 913 2346 pars
933 2290 988 2348 est,
1002 2279 1110 2331 sedibus

61 2353 163 2404 fabulae
181 2354 333 2407 Graecorum
350 2357 546 2426 antiquissimae.
564 2353 673 2426 Ibycum
693 2367 829 2406 auctorem
843 2354 931 2408 Schol.
951 2359 1059 2411 Pindari
1076 2357 1111 2411 ad

62 2431 140 2483 Nem.
151 2433 192 2496 X,
203 2451 238 2486 uo
252 2438 364 2502 excitat,
377 2434 424 2486 sed
437 2435 542 2506 cyclicis
554 2434 698 2507 probabile
710 2434 739 2485 fit
751 2439 838 2506 poetis
851 2435 910 2487 illas
923 2455 980 2491 esse
993 2441 1113 2492 tribuen-

63 2511 130 2577 das,
147 2514 179 2563 iis
190 2515 327 2585 inprimis,
345 2518 390 2587 qui
405 2514 506 2567 reditus
522 2515 686 2568 Achivorum
702 2513 836 2588 (Nicetis)
852 2520 968 2570 carmine
985 2538 1113 2590 exposue-

65 2605 127 2643 rant
139 2593 198 2663 ,(oI.
220 2614 278 2666 sup.
297 2596 332 2648 ad
351 2615 376 2647 v.
395 2595 455 2648 265.
473 2595 515 2646 Ad
536 2614 629 2647 eorum
648 2595 798 2667 exemplum
815 2597 958 2649 Diomeden
974 2597 1049 2650 libris
1065 2601 1114 2652 XII

66 2673 168 2741 scripta
180 2687 237 2724 erat
249 2693 265 2727 a
275 2675 347 2726 Iulio
360 2675 495 2725 Antonio:
512 2693 555 2746 ap.
569 2674 657 2726 Schol.
671 2676 763 2725 Horat.
774 2677 825 2740 IV,
840 2693 868 2737 2,
881 2677 931 2740 33,
947 2679 985 2727 uti
997 2677 1115 2729 Plsoeaois

68 2769 85 2801 a
97 2751 246 2818 Tuticano,
261 2767 287 2806 et
300 2755 396 2807 reditus
407 2751 528 2805 Menelai
539 2765 566 2805 et
578 2753 687 2804 Helena
700 2773 716 2805 a
727 2755 819 2824 Lupo:
832 2754 910 2805 Orid.
924 2774 954 2806 ex
968 2757 1052 2806 Ponto
1065 2757 1114 2820 IV,

71 2833 143 2884 16....
156 2834 198 2898 26,
207 2835 260 2906 27).
268 2837 360 2887 Redux
368 2835 548 2906 enim'aTroja
558 2834 643 2906 Argos
653 2835 740 2884 factus
752 2832 894 2885 Diomedes
907 2833 971 2902 (vid.
984 2835 1079 2907 Odyss.
1088 2855 1115 2901 γ,

72 2910 123 2962 180
134 2912 222 2983 seq),
238 2917 350 2986 cognitis
364 2917 454 2965 uxoris
465 2914 588 2984 AEgialeae
599 2924 625 2964 et
638 2912 752 2964 adulteri
764 2912 893 2977 Cometae,
905 2911 1022 2964 Stheneli
1030 2915 1065 2980 f.,
1080 2917 1118 2964 in-

68 2991 162 3058 sidiIs,
173 2995 269 3044 iterum
281 3013 361 3047 naves
374 2994 546 3057 conscendit,
565 3005 591 3044 et
602 3005 664 3065 post
677 2993 775 3044 multos
788 3011 890 3044 errores
905 2994 954 3060 (cf.
970 2989 1048 3044 Ovid.
1059 2995 1117 3058 XIV

70 3069 137 3120 Met·-
149 3071 199 3138 478
212 3089 268 3143 sqq.
276 3072 303 3142 ),
314 3074 411 3144 quibus
422 3075 503 3125 etiam
513 3071 637 3123 AEtoliam
648 3070 744 3123 adiisse
755 3071 893 3122 ferebatur
904 3069 943 3139 (v.
955 3089 978 3121 c.
989 3069 1116 3124 Antonio.

70 3151 182 3202 Metam.
192 3171 213 3203 c.
224 3154 327 3222 37,ubi
337 3157 452 3219 elbon,
461 3167 487 3204 et
496 3152 530 3203 ad
540 3171 570 3204 ea
579 3151 640 3203 add.
651 3152 715 3201 Not.
725 3151 760 3202 ad
767 3149 925 3221 Apollodor.
934 3169 961 3219 p.
974 3153 1116 3224 129sqq.),

72 3249 136 3282 cum
146 3234 224 3284 sociis
235 3234 419 3301 Doriensibus,
433 3253 499 3305 quos
510 3233 667 3297 adduxerat,
679 3235 707 3282 in
719 3233 811 3284 Sinum
819 3230 983 3283 Adriaticum
997 3244 1118 3298 evectus,

72 3315 102 3366 in
110 3313 265 3366 Daunorum
273 3315 369 3368 finibus
378 3316 507 3380 consedit,
514 3327 541 3366 et
547 3315 636 3365 Dauni
647 3315 715 3384 regis
725 3313 782 3364 filia
792 3315 819 3363 in
831 3313 1027 3388 matrimonium
1038 3311 1120 3364 ducta

74 3394 171 3445 urbem
183 3397 312 3462 condidit,
321 3399 363 3448 cui
378 3397 412 3450 ab
426 3398 503 3470 Argis
515 3396 701 3467 Peloponnen,
711 3395 808 3465 quibus
822 3394 999 3464 imperaverat
1014 3407 1038 3445 et
1054 3411 1120 3463 quo·

75 3493 137 3525 rum
145 3477 282 3546 antiquum
290 3468 475 3545 nomen”Apyoc
483 3478 562 3530 ἵππιον
573 3477 634 3540 luit,
642 3474 693 3527 hoc
702 3476 790 3546 ipsum
799 3490 897 3524 nomen
906 3471 1120 3543 AtyosHippium

75 3555 234 3624 imposuisse
248 3557 352 3618 fertur;
371 3556 444 3627 quod
460 3568 554 3626 postea
571 3555 598 3605 in
610 3554 809 3626 Arqyrippam,
825 3549 985 3618 tandemque
998 3551 1025 3601 in
1038 3549 1121 3620 Arpos

77 3645 245 3686 contractum
258 3653 315 3687 esse
328 3637 409 3687 aiunt.
424 3634 484 3687 Ilaec
497 3648 537 3687 est
548 3634 683 3686 Diomedis
695 3634 753 3684 urbs
765 3631 811 3683 lib.
823 3631 896 3693 VIII,
909 3646 934 3697 9.
949 3629 998 3694 XI,
1013 3630 1079 3696 226,
1097 3641 1123 3680 et

77 3714 167 3765 AEeoli
177 3716 242 3782 Arpi
252 3715 298 3767 lib.
308 3717 350 3781 X,
365 3719 411 3780 28,
424 3729 450 3767 et
462 3716 507 3766 lib.
521 3715 571 3777 XI,
590 3714 649 3780 246.
664 3715 713 3783 247
728 3710 780 3763 Ille
792 3712 881 3762 urbem
898 3709 1057 3781 Arqyripam
1071 3727 1123 3779 pa-

79 3794 137 3844 tria·
152 3796 307 3866 coquomine
322 3796 408 3868 qentis
430 3795 520 3848 Victor
543 3794 661 3866 Gorqoni
681 3793 806 3844 condebat
827 3790 934 3862 Iapyqis
952 3789 1027 3840 arvis.
1051 3789 1122 3839 conf.

80 3873 154 3928 Serv.
168 3874 204 3926 ad
213 3875 288 3942 VIII,
300 3893 326 3944 9.
339 3875 444 3928 Cluver.
455 3875 512 3926 Ital.
527 3887 580 3926 ant.
594 3895 621 3946 p.
639 3873 703 3926 1215
715 3892 773 3944 sqq.
786 3874 882 3924 Postea
894 3871 1004 3922 aliarum
1017 3885 1124 3939 quoque

81 3954 190 4005 urbium
208 3955 355 4023 primordia
368 3955 402 4007 ad
413 3953 569 4006 Diomedem
585 3955 679 4006 referri
696 3971 799 4023 coepere
816 3975 821 4002 ι
841 3963 871 4002 ut
885 3947 1032 4012 Brundisii,
1053 3943 1125 4016 apud

81 4033 178 4084 Iustin.
191 4035 256 4097 XII,
267 4055 298 4104 2,
314 4038 363 4092 etsi
376 4036 421 4089 alii
432 4033 535 4106 (Strab.
548 4035 596 4103 VI,
609 4055 637 4109 p.
651 4033 700 4105 432
711 4034 742 4086 A‘.
752 4031 763 4106 )
773 4031 941 4089 Cretensibus
953 4029 1022 4081 hauc
1033 4025 1127 4077 urbem
