2736 4598
253 317 315 361 m
494 293 529 354 P.
553 283 784 352 VIRGIL'II
806 283 1038 354 MARONIS

248 417 455 502 Quicumque
469 411 583 476 lliecos
595 409 683 472 ferro
696 407 889 474 violavimus
900 417 1011 494 egros,
1251 425 1293 472 255

248 525 345 588 Mitto
358 543 409 599 ea,
424 541 497 609 quae
509 517 611 580 muris
623 513 779 580 bellando
792 513 947 580 exhauste
960 514 1022 579 sub
1034 515 1124 594 altis,

246 631 338 712 Quos
349 625 466 692 Simois
478 638 606 712 premet
616 622 672 686 ille
683 621 785 699 viros,
799 619 933 685 infanda
947 643 1008 708 per
1019 619 1136 686 orbem

243 733 432 823 Supplicia,
440 747 473 794 et
484 728 645 794 scelerum
657 748 770 815 poenas
783 725 998 814 expendimus
1012 749 1143 808 omnes,

247 840 310 904 Vel
322 839 450 902 Priamo
461 833 646 900 miseranda
658 855 789 912 menus3
801 833 863 898 scit
873 833 966 896 triste
978 832 1139 897 Minerrae

246 944 357 1024 Sidus,
372 960 404 1008 et
416 940 574 1007 Euboicae
583 938 876 1029 cautes,ultorque
889 937 1088 1026 Caphereus.
1251 952 1292 1000 26·

280 1111 360 1174 255.f.
371 1107 528 1175 populnvimus
536 1123 558 1153 α.
570 1109 635 1152 Rom.
644 1110 781 1152 vastavimus
792 1123 827 1168 pr.
839 1105 933 1167 Mensg.
944 1129 976 1140 —
986 1103 1038 1151 256.
1051 1105 1120 1150 lllt'tto
1128 1121 1182 1170 quoe
1192 1103 1292 1166 Dorvill.

247 1183 331 1229 Omitto
339 1183 408 1225 muru
417 1178 486 1224 Goth.
495 1189 547 1223 tert.
555 1185 635 1223 exucta
642 1177 680 1224 ed.
688 1177 747 1223 Ven.
755 1177 834 1222 Burro.
842 1199 874 1212 -
881 1176 933 1238 ²57.
940 1185 1030 1238 premnt
1036 1175 1114 1222 lleiut.
1123 1188 1179 1222 oum
1187 1175 1294 1221 meliori-

247 1252 291 1298 bus
300 1251 420 1305 cumbum
432 1247 502 1308 vulgo
512 1251 614 1310 :premit
624 1272 656 1283 —
666 1247 718 1294 258.
728 1243 818 1292 sceleris
829 1270 860 1282 -
870 1248 942 1291 omnis
953 1244 1005 1301 alil,
1017 1259 1054 1306 ap.
1067 1246 1183 1291 Servium.
1196 1243 1292 1290 Codices

247 1336 297 1367 non
305 1321 402 1367 variant.
416 1342 447 1354 -
459 1319 510 1378 259.
524 1333 553 1361 m.
564 1318 658 1362 domus:
670 1317 736 1378 Bigot
748 1328 771 1362 et
780 1315 885 1374 Purrbss.
896 1317 946 1362 star
958 1324 985 1360 tr.
994 1314 1049 1363 Exc.
1061 1315 1189 1360 Burmann.
1199 1339 1231 1350 —
1242 1313 1292 1359 260.

249 1390 376 1455 Caphereus
388 1405 400 1434 e
412 1388 498 1434 Medic.
513 1400 536 1434 et
547 1389 599 1434 aliis
611 1390 689 1435 Heius.
703 1389 805 1449 recepit:
817 1386 888 1450 vulgo
902 1385 1039 1450 Caphereus.
1058 1385 1146 1432 Eadem
1161 1387 1262 1432 varietas
1271 1395 1295 1430 et

247 1535 326 1590 nota,
347 1541 397 1594 pro
418 1522 489 1575 bello
511 1522 587 1575 dubii
607 1534 634 1574 et
652 1485 746 1573 incerti
791 1491 845 1573 teni
856 1533 884 1572 et
893 1520 1033 1572 manubias
1045 1519 1223 1582 Minervales,
1239 1517 1290 1570 boe

246 1602 449 1656 exitus-256.
464 1602 523 1672 257.
538 1604 579 1655 Ne
589 1621 747 1668 memorem,
791 1612 832 1653 est
849 1601 975 1665 fulmins,
995 1611 1132 1652 memorat.
1153 1597 1243 1650 cerda
1257 1597 1290 1650 de

247 1695 278 1736 ut
295 1684 429 1746 omittam,
442 1699 486 1749 ca,
500 1699 557 1753 que
573 1681 639 1734 urbe
651 1698 748 1753 expug·
790 1681 875 1731 facea
890 1679 1020 1750 Nauplio,
1033 1677 1182 1730 Palamedis
1195 1688 1287 1748 patre,

248 1764 339 1815 nanda
358 1762 391 1815 ab
408 1762 514 1814 Achivis
537 1762 650 1813 tolerata
668 1773 745 1812 sunt:
791 1759 819 1809 in
830 1757 953 1810 fraudem
964 1757 1118 1809 Graecorum
1134 1756 1205 1808 elata
1222 1757 1291 1808 acci-

246 1858 314 1917 quot
321 1845 371 1896 viri
379 1847 406 1896 iu
414 1843 479 1894 locis
489 1841 540 1894 illis
550 1843 621 1894 circa
628 1841 748 1894 Simoen-
790 1839 831 1910 pit
838 1837 906 1890 sidus
916 1837 1055 1888 Minervoe:
1065 1854 1118 1886 non
1127 1837 1211 1908 magis
1221 1854 1291 1887 com-

247 1939 301 1978 tem
313 1923 496 1975 occubuerint.
509 1920 601 1972 Simois
613 1917 659 1971 ille
666 1959 675 1982 ,
686 1939 747 1986 cum
792 1917 879 1970 mode.
892 1917 945 1968 Alii
957 1915 1041 1970 nliter.
1055 1914 1135 1982 Quod
1147 1915 1289 1986 simplicis·

246 2006 422 2058 execratione.
431 2012 577 2072 prematsc.
588 2017 697 2052 mersos.
708 1999 747 2052 Si·
792 1999 886 2052 simum
899 2009 953 2064 est,
966 1996 1019 2049 hoc
1036 1996 1195 2048 tenebimus.
1212 1995 1291 2046 Tem·

247 2084 344 2136 militer
360 2099 419 2152 sup.
434 2083 461 2145 l,
477 2095 533 2131 100.
548 2079 593 2130 ubi
606 2089 642 2130 tot
653 2079 748 2131 Simois
791 2090 907 2149 pestates
919 2090 996 2130 'ortas
1012 2092 1061 2148 per
1080 2075 1198 2126 siderum
1218 2086 1290 2124 ortus

247 2160 419 2232 correptesulr
431 2156 507 2208 undis
515 2157 594 2208 Scuta
605 2158 689 2208 virum
698 2175 747 2228 qa·
792 2169 818 2207 et
840 2175 951 2210 occasus
970 2155 1122 2218 declarare,
1142 2166 1289 2226 perpetuus

247 2239 350 2311 leaeque
366 2248 391 2288 et
403 2236 611 2306 fortiacorpora
631 2245 741 2306 torquet.
788 2249 929 2306 poetarum
954 2251 1015 2302 usus
1040 2247 1087 2286 est.
1114 2235 1289 2304 Tempestas,
1351 2225 1352 2245 ³

246 2318 298 2368 Ubi
307 2319 363 2386 jaim
375 2314 498 2366 laudatus
512 2326 551 2364 est
562 2314 652 2378 locus,
665 2331 744 2381 quem
790 2333 842 2385 que
850 2316 1013 2368 Achivorum
1021 2314 1111 2366 classis
1119 2311 1234 2383 disjecta
1243 2325 1291 2378 est,

246 2398 362 2466 respexit
377 2407 469 2464 poete,
487 2391 615 2456 ssiam,
635 2409 667 2442 υ
686 2409 744 2462 seq.
788 2395 914 2446 Minervae
937 2396 977 2446 ire
999 2393 1087 2463 (conl.
1106 2411 1166 2465 sup.
1184 2393 1232 2444 lib.
1247 2395 1289 2460 ll,

245 2476 322 2528 Adde
330 2475 425 2546 Odyss.
436 2493 467 2538 γ,
482 2471 742 2542 107....117.—258.
792 2473 840 2526 163
849 2471 1288 2544 seq.)iuitconcitata.vid.0dyss.

244 2553 383 2628 Supplicia
393 2564 419 2604 et
428 2551 682 2624 poenas521rocibus
693 2569 743 2602 ro·
787 2572 821 2614 e,
844 2553 910 2618 326,
934 2553 1145 2623 327,rinprimis
1161 2571 1200 2617 y,
1226 2551 1290 2619 134,

245 2634 346 2688 nebulis
358 2634 454 2698 utitur,
467 2649 517 2703 pro
529 2632 643 2683 maliset
652 2651 743 2684 aerum·
791 2633 838 2688 135
852 2651 891 2704 sq.
905 2634 940 2686 cf.
955 2651 1012 2703 sup.
1027 2634 1085 2686 AEu.
1096 2631 1170 2702 ·1‚39
1188 2650 1229 2703 sq.
1242 2631 1288 2684 Se·

243 2718 306 2782 oisy
316 2716 391 2787 quasi
403 2713 445 2764 hae
456 2731 505 2784 pro
518 2731 599 2784 puina
611 2715 690 2764 excisi
701 2713 742 2764 llii
786 2731 853 2764 neon
863 2713 955 2784 Agens·
971 2712 1030 2764 528.
1044 2729 1084 2784 sq.
1095 2739 1129 2750 -—
1142 2709 1202 2766 560.
1213 2711 1286 2764 Nihil

244 2797 390 2856 luerinmet
398 2805 459 2844 ante
467 2789 622 2844 violavimus
630 2791 741 2859 dixerat,
785 2794 994 2866 igiturmagisin
1002 2804 1286 2864 promtu‚quamtem·

243 2875 410 2944 nunquamin
424 2870 743 2942 sacrilepi0.—259.Ser·
786 2886 916 2946 pestatem
938 2892 953 2925 a
976 2875 1099 2926 Minerva
1125 2886 1286 2926 conmotam

243 2956 301 3006 rius
310 2953 402 3006 laudet
414 2952 521 3004 Pacuvii
533 2949 615 3001 illud‘:
625 2950 655 3001 Si
665 2951 742 3000 Pria·
785 2953 855 3005 sidus
877 2953 1005 3006 Minervoe
1030 2951 1183 3024 appellere,
1211 2953 1285 3005 nullo

190 3049 194 3059 ¹
244 3053 301 3088 mus
312 3040 407 3088 adesset
414 3059 426 3099 ,=
435 3044 461 3084 et
472 3033 525 3104 ipre
536 3033 591 3102 ejus
605 3031 741 3083 commise-
786 3043 909 3104 respectu
919 3032 1083 3086 aliohsbito.
1097 3035 1165 3086 Sene
1176 3033 1284 3103 quidem

242 3113 465 3176 meretrices,
479 3131 532 3182 qua
543 3111 672 3162 brevitate
683 3128 741 3162 sen·
785 3111 891 3164 Solinus
903 3131 926 3164 c.
948 3129 974 3163 rr
993 3112 1139 3182 caphereus
1152 3113 1287 3183 prominet

242 3199 359 3248 tentiam·
367 3194 519 3263 complexus
536 3190 742 3243 Maroivibrave·
786 3191 814 3243 in
826 3188 1041 3262 Hellespontum,
1055 3191 1101 3242 ubi
1110 3201 1171 3260 post
1182 3189 1232 3242 Ilii
1242 3209 1284 3242 ex·

243 3275 288 3326 ritl
303 3273 384 3324 Color
397 3271 498 3340 aliequi
507 3270 637 3322 orationis
651 3270 740 3320 multis
780 3269 883 3346 'cidium
902 3268 1026 3340 Arpinum
1046 3266 1152 3320 classem
1172 3267 1215 3322 vel
1232 3270 1287 3320 Mi-

241 3353 432 3422 frequentatns.
461 3349 598 3419 'Exempla
634 3349 741 3420 collegit
784 3363 869 3398 nervoe
878 3345 917 3396 ira
924 3343 998 3409 ,vel,
1009 3345 1081 3416 quod
1090 3347 1187 3400 certior
1195 3349 1286 3419 prodit

242 3429 336 3481 Gerda.
349 3428 663 3497 Ouidius'XlV‘Met.‘474
673 3427 740 3493 ,lubi
784 3423 911 3476 memoria
920 3460 930 3486 ,
947 3422 1021 3476 ,sidus
1039 3423 1149 3476 Arcturi
1163 3428 1289 3498 prunidus

240 3521 328 3559 totum
339 3507 508 3558 hunclocum
519 3505 740 3560 enteocnlosha·
772 3501 880 3572 ‘affecit
900 3502 1008 3556 casibus.
1033 3502 1084 3556 Sed
1106 3506 1156 3558 sub
1178 3507 1286 3558 Arcturi

240 3579 312 3639 bet}
334 3587 433 3638 Grrecio
452 3598 507 3637 tum
524 3586 615 3657 potuit
630 3585 738 3636 Priamo
783 3595 871 3634 ortum
890 3600 945 3636 nou
966 3581 1050 3637 diluta
1067 3598 1106 3636 est
1122 3585 1285 3640 Achivorum

239 3666 443 3741 quoqueflenda
452 3667 543 3717 sideri.
555 3665 587 3715 Et
597 3668 653 3735 ipse
662 3665 738 3713 Maro
782 3663 930 3734 navigatio,
954 3664 1055 3736 quippe
1078 3677 1168 3718 testate
1194 3667 1283 3719 facta:

240 3759 301 3816 sup.
311 3745 333 3794 ll
339 3745 385 3809 ,6,
395 3762 418 3813 7.
430 3741 565 3814 Quietalia
567 3743 655 3815 faudo
664 3742 739 3792 Tem-
783 3761 875 3795 rerum
895 3743 945 3796 sub
964 3745 1106 3797 etesiarum
1127 3745 1285 3813 aquilonum

241 3835 314 3896 peret
333 3844 349 3875 a
371 3823 502 3876 lacrimis!
524 3825 594 3878 triste
612 3824 739 3875 Minervoe
782 3836 879 3874 ortum.
893 3842 918 3875 v.
936 3842 994 3894 sup.
1015 3824 1049 3877 ed
1061 3823 1106 3876 lib.
1123 3826 1159 3876 111
1172 3824 1283 3877 Excurs.

240 3904 318 3960 sidus.
335 3905 432 3974 lneptit
446 3903 550 3956 Servius
563 3915 609 3954 aut
619 3903 738 3974 quisquis
781 3904 807 3954 11
831 3921 872 3973 pr.
898 3901 1019 3974 ultorque
1039 3902 1198 3974 Caphereum·
1218 3923 1284 3974 pro-

239 3982 739 4054 ejusnomenmentitur,quendomie·
782 3985 945 4036 montorium
959 3985 1066 4036 Euboeae
1084 3987 1285 4038 versus-orien-
