2724 4600
344 303 354 314 ”
373 293 608 371 AENEIDOS
631 294 784 362 LIBER
806 289 845 361 X.
1070 301 1127 365 123

90 421 160 485 Jem
171 422 245 486 loce
254 422 346 510 jussa
358 436 472 484 tenent
483 420 560 483 fo‘rti
571 421 751 507 permixtus
763 423 901 486 Etrusco

90 529 186 591 Arcas
200 530 323 615 eques:
336 523 461 589 medias
473 524 536 588 illis
549 546 718 611 opponere
729 541 867 605 turmas,

89 633 136 695 Ne
147 632 263 696 castris
271 631 425 722 jungant,
440 647 528 694 certe
541 646 588 692 est
601 631 763 694 sententia
774 634 899 706 Turno.
1014 713 1016 716 Ι
1084 646 1128 704 sto

88 736 189 824 Surge
202 760 277 825 age,
292 753 325 801 et
335 740 462 800 Aurora
474 736 579 799 socios
592 735 745 800 veniente
758 739 868 803 vocari
991 807 995 814 ,

87 843 216 906 Primus
228 843 263 906 in
275 864 365 906 arma
371 841 467 931 jube,
482 857 515 905 et
526 840 670 932 clipeum
683 864 777 929 cepe,
792 865 893 931 quem
906 839 998 908 dedit
1009 845 1079 933 ipss

89 948 253 1012 invictum
265 947 466 1035 ignipotens,
480 963 579 1036 etque
593 969 665 1012 oras
678 947 792 1012 ambiit
803 971 894 1023 auro.

88 1053 235 1116 Crastina
247 1053 318 1132 lux,
332 1075 405 1117 men
416 1053 443 1116 si
455 1075 523 1117 non
536 1053 632 1116 inrita
645 1051 731 1117 dicta
743 1055 883 1140 putaris,

10 1169 11 1184 ³
89 1157 243 1246 lugentes
256 1156 822 1244 Rutulaespectabitcaedisncervos.
835 1187 849 1215 n
1086 1173 1130 1230 ets

10 1404 15 1426 ι
59 1401 61 1408 ’
89 1381 150 1440 conj.
160 1379 266 1436 ardentes
278 1381 353 1426 Marte
362 1383 388 1426 L.
399 1380 644 1428 AtiidNotm-sbb.
653 1381 844 1428 tenent-Arcas
853 1382 1041 1446 equeseMsdic.
1051 1384 1131 1431 Heius.

88 1461 111 1494 et
123 1449 171 1496 lste
183 1449 314 1499 illustravit.
332 1452 408 1515 Vulgo
421 1461 485 1498 tenet.
498 1456 626 1499 commistus
638 1453 689 1500 Ald.
700 1472 736 1516 pr.
748 1479 779 1489 -
792 1453 843 1510 24ο,
858 1457 905 1499 Nec
916 1470 936 1500 c.
949 1456 1027 1500 Fraus.
1033 1458 1132 1520 junqustt

88 1524 167 1566 castris
178 1538 216 1584 pr.
226 1523 323 1580 Mores,
328 1527 393 1587 justa
403 1532 439 1569 est
448 1539 466 1569 s.
480 1525 571 1586 llugen.
584 1550 615 1560 -
629 1523 680 1580 242.
688 1527 777 1571 Pruttus
789 1528 811 1570 in
820 1541 884 1570 arma
896 1525 985 1588 aliquot
996 1526 1132 1589 Pier.qucm

9 1602 10 1651 j
88 1592 150 1637 dedit
161 1596 237 1658 iugens
247 1593 337 1658 aliquot
345 1597 405 1642 Pier.
418 1595 515 1642 Mentel.
529 1609 551 1642 et
560 1613 604 1658 pro
616 1595 662 1643 div.
675 1595 728 1641 lect.
740 1599 816 1658 Sprot.
828 1609 852 1642 et
861 1597 908 1642 duo
919 1597 997 1642 Burm.
1008 1613 1061 1641 cum
1070 1596 1132 1652 Eri„

9 1714 10 1732 ἢ
88 1664 128 1709 sed
140 1667 239 1728 ingentes
248 1669 334 1722 acervi,
346 1679 426 1713 mouet
437 1667 557 1724 Heinsius,
572 1683 624 1712 mex
636 1667 818 1730 subsequuntur.
831 1694 862 1703 -
875 1669 927 1726 243.
941 1667 1131 1730 Quotiescunque

9 1737 10 1772 ἶ
86 1733 151 1780 hunc
162 1752 255 1782 versum
267 1740 374 1794 recitavi,
389 1738 560 1785 hemistichium
573 1741 634 1784 sensi
645 1739 769 1801 languere,
781 1749 849 1802 atque
858 1755 909 1786 oras
920 1739 998 1785 ambiit
1007 1757 1076 1795 auro,
1088 1742 1132 1784 ita-

9 1834 12 1847 .
87 1820 134 1866 que
152 1805 181 1850 sb
194 1805 238 1850 alia
251 1823 321 1852 manu
334 1807 363 1852 ad
376 1807 517 1870 expleudum
536 1824 628 1854 versum
646 1809 758 1854 insertum
776 1808 900 1854 arbitratus·
914 1823 972 1854 sum.
985 1810 1052 1853 Nunc
1063 1808 1134 1853 viden

87 1874 150 1936 apud
160 1875 253 1933 Burin,
266 1880 334 1936 etism
345 1879 490 1934 Ortuinium‚
501 1880 606 1941 quisquis
616 1877 656 1926 ille
666 1892 712 1934 est,
723 1895 735 1924 a
745 1894 815 1924 manu
825 1879 914 1924 indocti
924 1878 1032 1924 monachi
1040 1879 1132 1940 adjecta

86 1943 128 1989 ills
140 1946 275 1993 credidisse.
294 1949 342 1994 Nisi
360 1947 457 2004 dixeris,
476 1951 520 2011 ipsi
533 1962 607 2011 pnetae
619 1965 710 1996 versum
723 1949 842 1994 excidisse.
855 1975 886 1983 -
899 1947 950 2004 244.
964 1949 1066 1992 Crastina
1078 1946 1118 1991 lux
1122 1965 1133 2002 ;

10 2064 13 2087 ι
86 2014 189 2061 delicere
207 2015 246 2064 lric
265 2018 374 2074 verbum,
395 2034 427 2064 sc.
441 2019 527 2076 aderit,
542 2021 633 2074 veniet,
646 2021 805 2065 Brumannum
816 2031 898 2081 putare
911 2020 1026 2080 petuisse,
1044 2020 1132 2062 miror:

10 2119 11 2141 q
86 2100 141 2130 nam
160 2087 241 2149 [engo
253 2101 277 2134 et
288 2087 339 2136 eliis
354 2090 473 2136 veteribus
485 2091 644 2138 Grammaticis
660 2091 686 2136 id
702 2089 884 2136 condonandum
903 2102 949 2146 est,
968 2091 1010 2152 qui
1022 2104 1055 2136 ss·
1066 2105 1131 2150 sequ.

85 2156 198 2219 spectabis
211 2157 328 2220 legebant.
341 2161 408 2208 verba
418 2179 443 2224 p.
461 2178 496 2224 pr.
508 2162 590 2208 Hamis
604 2187 640 2208 ·-.
649 2160 700 2218 245.
713 2163 741 2206 R.
752 2163 824 2225 gentis
840 2161 901 2207 Gud.
917 2162 977 2207 Vsu.
995 2172 1018 2206 et
1033 2159 1132 2206 Ondnrt.

10 2245 14 2276 ς’
84 2229 196 2290 spectabis
212 2230 299 2277 Medic.
318 2234 406 2295 bigot,
425 2247 448 2281 et
459 2236 493 2280 sic
504 2233 559 2279 olim
571 2233 667 2298 quidam
676 2232 796 2295 legerunt,
815 2235 876 2280 inter
891 2249 950 2296 quos
966 2233 1058 2294 longus
1069 2229 1133 2293 apud

10 2306 14 2336 t
86 2301 164 2353 Serv„
183 2301 244 2348 male
256 2305 307 2366 ipse
316 2305 396 2352 Servio
403 2305 496 2368 judice3
517 2321 570 2352 nam
580 2307 647 2368 jung.
659 2302 810 2350 crastina'lux
821 2299 940 2368 spectabile
949 2303 1039 2352 Laudat
1052 2304 1132 2348 Burm-

86 2369 220 2417 Bentleium
229 2372 260 2418 ad
268 2375 363 2421 Terent.
377 2376 432 2422 llec.
443 2377 487 2446 lll,
502 2392 522 2432 1,
539 2375 561 2421 6.
573 2374 688 2440 spectabat
698 2375 789 2438 Eugen.
806 2373 936 2438 specmbant
945 2375 1000 2419 Exc.
1012 2373 1091 2418 Burm.

502 2519 504 2524 '
743 2519 745 2522 ’
953 2521 961 2542 ί

88 2551 295 2607 tisFuLucano
307 2559 335 2622 1,
348 2558 399 2626 445
413 2559 518 2614 horrens
521 2563 588 2631 feris
632 2563 677 2614 nio
691 2581 748 2634 quae
765 2564 838 2616 facta
854 2565 915 2614 sint.
934 2556 984 2612 Sed
997 2560 1024 2610 iu
1035 2557 1077 2610 his
1089 2558 1132 2607 vix

87 2628 215 2684 altaribus
229 2635 313 2688 Hesus
328 2639 469 2690 commode
481 2639 589 2692 berren-
632 2642 729 2712 equites
742 2659 798 2694 esse
811 2651 956 2712 potueruut
967 2637 1040 2708 (nam
1048 2635 1132 2688 CCCC

9 2760 12 2779 .
87 2709 134 2761 dus
146 2713 232 2782 accipi
248 2729 355 2784 posset,
371 2718 423 2769 nisi
440 2721 587 2773 communis
633 2721 734 2790 equites
755 2721 877 2773 Evander
896 2732 922 2771 et
945 2716 1031 2768 Pallas
1053 2713 1133 2765 dede-

86 2803 229 2860 poetarum
241 2813 298 2848 mos
311 2796 435 2850 suaderet
454 2799 489 2851 ad
509 2818 588 2870 squa-
632 2812 692 2852 rent
702 2801 772 2866 VIII,
786 2799 845 2852 518.
858 2797 940 2868 519),
952 2793 1132 2848 multominus

87 2869 205 2923 loremet
215 2873 343 2928 incultam
351 2896 383 2930 uc
391 2877 483 2930 rudem
491 2881 588 2932 faciem
631 2879 754 2942 Etrusci,
766 2897 832 2949 quos
844 2876 963 2929 nondum
972 2872 1081 2924 adierat.
1090 2869 1132 2919 Ad

87 2950 130 3003 clei
145 2953 263 3020 referre,
277 2974 335 3026 quae
348 2960 473 3012 sevitium
486 2961 587 3032 arguit,
632 2953 1036 3028 artificiumitaqnenarrutienis
1045 2961 1134 3000 etsua-

88 3048 185 3082 sessum
202 3036 272 3086 enim
290 3035 426 3092 declarare
443 3038 523 3091 deum
538 3058 588 3090 vo·
632 3035 925 3092 vitatemexbrevitntis
936 3030 1025 3082 studio
1032 3028 1084 3078 hoc
1094 3046 1133 3078 re·

87 3109 150 3178 luit,
167 3125 197 3162 ut
210 3113 319 3168 immitis
333 3117 452 3172 Teutates
463 3131 490 3171 et
504 3120 588 3171 Tara—
632 3117 748 3169 feremus
762 3116 834 3185 quod
852 3132 922 3166 nunc
943 3108 1010 3160 illud
1028 3107 1132 3168 innuit,

91 3192 131 3243 stis
144 3211 198 3244 non
210 3195 302 3246 mitior
312 3215 366 3247 ara.
633 3195 706 3266 quod
717 3196 796 3248 facile
809 3193 921 3264 intelligi
936 3199 1039 3260 potest:
1052 3205 1133 3238 cons-

123 3271 183 3324 238.
196 3273 259 3324 Jam
272 3271 328 3326 luca
338 3279 411 3347 jussa
425 3287 520 3330 tenent.
537 3267 588 3330 lle·
631 3275 752 3328 condisse
773 3277 883 3326 AEnesm
902 3289 982 3324 naves
1003 3272 1030 3322 in
1049 3281 1132 3340 portu

87 3349 139 3400 fert
150 3363 177 3402 et
192 3350 247 3404 hoc
258 3352 363 3407 Servius
378 3356 413 3407 sd
425 3376 473 3420 eu,
486 3359 516 3408 in
528 3359 588 3427 qui·
631 3355 781 3419 Cerretano,
798 3354 917 3424 equitatu
932 3353 959 3402 in
977 3350 1055 3402 litore
1067 3367 1134 3420 prae·

86 3427 137 3479 bus
151 3427 218 3482 ma
229 3428 256 3482 ab
273 3431 416 3500 anaspum
431 3435 532 3506 aliquid
544 3438 587 3489 in·
632 3436 728 3500 misso,
745 3435 792 3504 qui
807 3454 841 3486 ne
856 3445 943 3484 castra
957 3433 1057 3483 intrare
1070 3448 1133 3500 pus·

86 3507 261 3580 telligendum
270 3514 331 3583 sig«
341 3532 402 3564 unm
409 3515 589 3586 intelligimus,
634 3526 683 3581 set,
693 3515 797 3564 Turnus
807 3512 912 3582 objecta
924 3513 1061 3582 colnacum
1071 3529 1133 3582 pnr-

87 3605 148 3638 eum
165 3591 268 3660 equites
286 3594 388 3644 misisse
405 3613 453 3664 per
473 3609 586 3646 terres.»
634 3595 952 3647 secavebatuectamen
962 3604 1133 3654 memoratur,

5 3687 6 3728 3
86 3666 154 3720 Sane
168 3668 278 3739 quidem
289 3688 370 3741 supra
381 3673 454 3736 Vlll,
470 3670 520 3737 548
529 3691 587 3742 sqq.
635 3693 717 3745 quum
734 3674 776 3724 his
792 3672 926 3744 equitibus
940 3671 1042 3724 Tiberis
1056 3671 1133 3739 traji-

5 3741 6 3760 ¹
87 3763 170 3815 quum
186 3748 215 3798 iu
234 3748 367 3802 Etruriam
380 3753 466 3822 pergit
477 3753 588 3816 AEmess,
634 3751 742 3806 ciendus
756 3765 840 3816 esset,
858 3769 910 3822 qua
927 3763 1002 3822 parte
1015 3761 1061 3802 aut
1079 3767 1132 3820 qun

86 3838 163 3896 perte
179 3829 314 3880 sociorum
331 3832 358 3880 in
376 3833 528 3882 comitatum
547 3849 589 3882 ns-
633 3846 729 3905 paratu
746 3833 773 3883 id
790 3833 891 3884 fuctum
908 3830 957 3882 sit:
978 3849 1011 3882 ne
1027 3833 1133 3881 Turnus

4 3943 5 3956 t
87 3919 191 3972 sumta,
205 3920 308 3960 ceteros
315 3908 490 3979 jubetTiberi
499 3921 589 3962 vectos
634 3912 668 3965 nb
686 3913 839 3964 escensione
849 3909 996 3962 inalterum
1008 3908 1070 3959 litus
1087 3927 1132 3961 eos

4 4009 5 4050 1
88 3988 230 4043 revertisti
239 4001 337 4057 cestra,
346 3991 590 4045 etuuntiareAsca·
633 3990 797 4061 prohiberet.
806 4019 840 4032 -
852 3989 910 4056 240.
917 3992 1038 4060 jungant
1050 4004 1090 4039 se:
1104 4001 1134 4040 ut
