2736 4598
364 234 596 352 nnninos
620 287 775 354 rinna
797 291 859 356 x1.
1066 317 1127 382 217

88 409 277 498 Frenaque,
290 410 515 499 ferventisque
527 429 629 490 rotas;
642 433 717 499 pars
730 436 867 479 munera
879 431 970 495 nota,
1087 431 1129 491 195

89 515 243 602 Ipsorum
255 516 393 604 clipeos,
409 533 441 580 et
453 540 520 580 non
532 517 640 582 felicia
651 519 726 582 tela.

87 620 194 684 Multa
206 620 309 685 boum
321 623 406 686 circa
418 639 602 687 mactantur
613 645 751 710 corpora
763 626 878 706 Morti3

88 725 329 816 Saetigerosque
342 749 431 807 sues,
445 745 619 816 raptasque
633 751 671 792 ex
683 729 837 794 omnibus
849 733 933 818 agris

89 831 129 896 In
141 832 308 896 flammam
316 833 468 923 jugulant
480 833 625 921 pecudes
637 857 643 897 :
658 851 728 898 tum
740 835 836 900 litore
848 853 919 902 toto

87 937 242 1003 Ardentis
255 955 404 1026 spectant
415 940 534 1019 socios,
549 940 771 1028 semiustaque
782 958 914 1005 servant

89 1045 202 1124 Busta3
215 1068 324 1133 neque
336 1045 433 1108 avelli
444 1062 596 1132 possunt,
610 1067 676 1108 nox
687 1044 824 1110 humida
837 1045 947 1112 donee

88 1152 227 1214 Invertit
238 1151 355 1216 caelum
368 1151 468 1216 stellis
481 1149 682 1238 fulgentibus
694 1167 817 1238 aptum.

132 1260 201 1322 Neo
212 1259 321 1322 minus
335 1275 367 1321 et
379 1259 489 1322 miseri
502 1257 630 1323 diversa
642 1259 676 1320 in
688 1274 780 1346 parte
793 1259 901 1322 Latini

87 1365 282 1427 Innumeras
294 1381 441 1428 struxere
453 1385 563 1452 pyrae,
578 1380 610 1428 et
623 1387 761 1452 corpora
774 1365 893 1452 partim

85 1471 194 1534 Multa
205 1470 313 1534 virum
325 1487 419 1535 terrae
431 1468 612 1551 infodiunt,
626 1487 806 1560 avectaque
818 1470 937 1558 partim
961 1475 966 1482 “
1086 1483 1128 1528 205

85 1645 191 1690 Maerob.
204 1645 248 1701 Vl,
261 1645 276 1691 6
287 1644 366 1691 laudat
378 1657 400 1692 et
412 1648 468 1710 iqui,
480 1663 523 1709 pro
533 1649 558 1692 in
568 1649 659 1710 ignem,
668 1647 729 1694 inter
739 1647 822 1710 figuras
833 1648 936 1693 Maronis
947 1647 1026 1692 refert.
1036 1669 1068 1682 -
1080 1648 1130 1708 ¹9⁵·

83 1731 141 1778 pars
150 1731 180 1760 m.
191 1725 242 1762 von
248 1717 329 1762 Fraus.
338 1741 370 1752 —
384 1732 434 1779 197.
448 1720 532 1763 circum
541 1734 576 1780 pr.
587 1719 669 1764 Hamb.
681 1718 808 1764 mactabant
817 1718 877 1762 Ven.
890 1718 1131 1778 MartiVen.-199·

79 1788 190 1846 flammas
201 1787 305 1834 Perrhae.
317 1813 349 1824 -
361 1803 412 1834 noo.
432 1793 502 1836 socios
514 1799 615 1851 spectant
632 1807 668 1852 pr.
686 1790 771 1836 Monet.
783 1792 890 1834 semiusta
909 1788 977 1835 Goth.
993 1798 1045 1833 tert.
1063 1791 1132 1834 etiam

85 1856 125 1902 hie
140 1873 195 1904 eum
208 1859 273 1904 Rom.
284 1883 316 1894 —
332 1874 384 1904 201.
399 1875 471 1924 neque
482 1860 560 1906 Heius.
574 1859 654 1906 elibb.
666 1876 710 1922 pro
721 1875 774 1916 nec,
786 1859 851 1923 quod
861 1861 927 1904 Rom.
939 1869 1024 1922 tuetur.
1036 1882 1067 1894 ·-
1079 1873 1131 1903 202.

85 1925 158 1973 stellis
173 1928 303 1974 ardentt'bus
318 1945 399 1976 omnes
416 1930 488 1976 codd.
507 1931 586 1978 Heius.
599 1942 683 1993 praeter
694 1929 820 1986 Montalb.‚
840 1940 863 1976 et
880 1944 923 1991 pro
941 1929 988 1975 div.
1007 1927 1062 1973 lect.
1078 1938 1131 1973 tert.

85 1999 185 2055 Mora-3
194 2002 249 2046 item
264 2000 332 2046 Goth.
345 2017 391 2047 see.
405 2012 427 2048 et
437 2015 503 2058 tert,
514 2005 555 2065 qui
561 2001 703 2066 scalpentibus
714 2002 830 2048 exhibent.
842 2003 931 2046 Pierius
940 1999 975 2045 nii
985 2008 1078 2044 monet:
1088 2014 1132 2045 nec
1169 2048 1171 2056 ¹

84 2069 180 2116 videtur
191 2073 211 2118 is
222 2071 289 2118 aliter
303 2074 413 2135 scriptum
429 2076 454 2118 in
470 2073 528 2120 libb.
546 2075 662 2120 invenisse
679 2088 748 2135 quarn
765 2069 908 2134 uidentibus:
924 2071 957 2116 sic
968 2071 1037 2114 etiarn
1051 2084 1133 2114 omnes

86 2153 142 2187 vett.
156 2141 225 2198 edd,
241 2154 353 2206 quantum
369 2144 454 2191 video:
466 2159 511 2190 nee
528 2143 626 2190 alterum
645 2146 711 2206 prius
725 2145 827 2188 occurrit
842 2157 912 2204 quam
923 2142 948 2186 in
960 2139 997 2186 ed.
1010 2137 1061 2184 Ald.
1078 2149 1131 2184 tert.

85 2211 137 2256 Hoc
149 2213 229 2258 Heius.
242 2214 351 2270 retinuit,
362 2213 516 2278 stipantibus,
535 2227 561 2260 ut
577 2225 646 2277 poete
658 2215 731 2260 variet
746 2228 849 2269 versum,
861 2214 902 2275 qui
916 2211 979 2257 idem
990 2211 1104 2273 repetitur
1120 2225 1132 2254 a

85 2293 157 2342 poeta
174 2296 225 2344 sup.
238 2283 278 2338 IV,
291 2281 345 2338 48².
358 2285 400 2330 ubi
411 2300 433 2331 v.
447 2287 501 2332 Not.
515 2285 546 2332 ef.
559 2286 603 2341 Vl,
617 2283 669 2347 798.
682 2283 774 2347 liaptum
786 2282 855 2328 codd.
868 2284 928 2328 Pier.
937 2306 969 2317 -
982 2279 1033 2327 203.
1051 2281 1134 2328 diversi

85 2350 178 2413 Hagen.
196 2354 218 2395 in
235 2350 299 2398 deest
312 2355 394 2398 Franc.
407 2365 430 2400 et
442 2355 511 2401 Goth.
528 2366 580 2401 tert.
590 2379 621 2390 -
632 2356 685 2400 205.
699 2353 864 2416 terroefodiuut
876 2352 937 2397 Gud.
947 2350 1058 2414 infodiunt
1067 2357 1132 2395 terroe

85 2433 132 2465 see.
141 2421 252 2467 Rottend.
264 2421 401 2487 educataque
408 2425 468 2470 Ven.
477 2437 500 2472 et
507 2426 612 2472 Perrhae.
622 2428 707 2488 possim
716 2440 762 2471 sec.
775 2425 859 2471 Moret.
872 2434 895 2469 et
902 2439 947 2486 pro
957 2438 1005 2469 var.
1016 2420 1070 2467 lect.
1078 2431 1130 2467 tert.

86 2492 199 2538 liottend.
212 2497 293 2556 raptim
303 2495 351 2540 Erf.
363 2497 421 2541 Tum
434 2497 527 2560 Meuaq.
544 2513 580 2561 pr.
593 2497 656 2543 hune
665 2512 759 2544 versum
770 2512 818 2542 uon
829 2495 914 2542 babet:
926 2510 970 2540 uec
981 2492 1050 2539 Goth.
1064 2504 1132 2546 tert..

87 2573 111 2606 at
122 2566 231 2626 sequenti
242 2580 294 2610 enm
303 2576 447 2627 postponunt
455 2568 521 2614 Leid.
533 2567 623 2614 zulich.
635 2579 659 2614 et
667 2567 736 2613 Goth.
748 2581 794 2612 see.

81 2729 133 2784 por
150 2714 281 2766 tubantm
301 2716 391 2769 Tubas
411 2737 442 2770 ex
461 2737 509 2771 suo
529 2739 584 2771 oevo
629 2732 786 2790 numagatur
813 2717 849 2768 ab
878 2713 1017 2766 occidente
1036 2729 1128 2762 versus

85 2792 199 2846 adscivit
218 2797 301 2848 Maro.
319 2827 355 2838 --
372 2798 430 2868 195.
457 2801 514 2871 196.
540 2799 586 2853 alii
629 2799 766 2848 orientem.
777 2797 812 2846 of.
824 2791 1027 2863 supExcursll
1037 2789 1128 2841 adlib.

86 2891 170 2938 arma,
179 2875 274 2944 quibus
284 2877 335 2947 ipsi
343 2881 441 2931 mortui
449 2881 489 2930 usi
500 2893 584 2944 erant,
629 2879 660 2928 11.
672 2878 737 2928 Rem
748 2879 833 2948 ipsam
846 2874 940 2927 eodem
952 2871 1033 2924 modo
1044 2887 1128 2940 expo·

85 2954 213 3024 inignem
222 2957 383 3024 conjiciunt:
397 2976 445 3021 ea,
458 2977 584 3026 munera,
630 2958 707 3009 situm
721 2957 795 3009 vides
807 2955 883 3008 Iliad.
897 2955 930 3019 ψ,
945 2951 1001 3018 154.
1012 2950 1065 3002 226
1075 2967 1128 3022 seq.

85 3033 150 3101 quio
162 3035 270 3103 proprie
287 3035 323 3086 sie
338 3035 463 3088 dicuntur
479 3039 584 3104 omnia,
624 3051 660 3099 n,
679 3038 729 3108 788
748 3056 804 3108 seq.
823 3034 941 3087 Interdiu
960 3031 1069 3082 struitur
1085 3042 1128 3080 ro·

85 3129 146 3181 quae
161 3111 195 3162 ad
206 3111 336 3165 honorem
350 3116 491 3169 funebrem
509 3134 585 3188 spec·
628 3136 676 3190 gns
688 3139 694 3167 :
706 3135 753 3170 nee
770 3115 925 3169 accenditur
940 3113 993 3163 nisi
1004 3112 1125 3181 vesperi:

84 3204 158 3257 tant,
169 3211 222 3243 non
229 3192 341 3263 felicia,
353 3195 449 3265 quibus
460 3197 509 3264 illi,
517 3214 587 3248 mor·
629 3196 705 3249 ardet
716 3216 764 3268 per
776 3209 891 3248 noctem.
905 3193 998 3244 Altero
1011 3190 1072 3256 die,
1084 3188 1127 3242 vel

85 3275 142 3337 tui,
155 3289 183 3326 se
195 3271 338 3326 defendere
348 3277 541 3346 nequiverunt,
554 3291 584 3328 ut
628 3278 724 3343 tertio,
736 3290 766 3328 ut
776 3276 803 3328 h.
817 3276 836 3328 1.
849 3293 874 3325 v.
889 3291 939 3325 210
948 3310 956 3338 ‚
966 3271 1012 3323 nbi
1022 3273 1081 3344 rogi
1090 3289 1131 3324 re·

85 3353 159 3405 Seru.
169 3383 205 3392 -
219 3369 274 3424 197.
288 3356 372 3407 Morti
381 3369 510 3428 tanquam
519 3357 582 3410 deae.
627 3357 770 3422 funerant,
782 3355 941 3428 legebantur
952 3355 1062 3405 cineres.

85 3433 129 3486 sic
141 3431 246 3484 Servius
257 3452 378 3506 quoque,
392 3437 437 3506 qui
449 3436 542 3489 laudat
553 3439 586 3489 si·
666 3437 725 3502 204.
739 3434 797 3487 205.
810 3435 849 3486 De
861 3433 993 3485 industria
1007 3431 1060 3484 hoo
1076 3450 1128 3485 me·

84 3511 161 3562 milia
184 3510 245 3564 loca
269 3511 344 3565 Statii
363 3515 398 3564 lV
418 3515 502 3568 Theb.
522 3516 584 3571 528.
629 3538 746 3573 morasse
758 3517 877 3584 videtur,
891 3518 1018 3588 quoniam
1034 3516 1062 3565 in
1077 3517 1130 3567 lta-

83 3592 186 3642 Luean.
203 3593 255 3656 Vl,
276 3593 336 3644 600.
353 3593 479 3648 Notabile
497 3608 586 3648 tamen
630 3598 667 3651 lia
677 3617 781 3670 semper
790 3597 904 3649 variavit
916 3593 1061 3666 sepultura,
1071 3612 1130 3644 mo-

83 3670 157 3722 hoe:
178 3669 243 3722 alias
255 3671 340 3739 Orco,
356 3673 398 3725 vel
414 3674 539 3726 Manibus
558 3687 584 3727 et
629 3679 664 3732 do
671 3675 928 3744 crematione‚modo
938 3675 1127 3727 humationem

83 3751 179 3803 Inferis
191 3753 303 3806 vietimae
313 3751 354 3804 hu
365 3756 477 3806 mactari
488 3753 582 3808 solent.
628 3777 705 3810 usum
713 3770 835 3829 receptu:
847 3775 926 3827 quam
935 3758 994 3827 ipsa
1002 3755 1126 3808 silvarum

83 3849 185 3884 -aom
196 3851 280 3905 usque
291 3833 324 3886 ad
335 3852 472 3887 auroramz
485 3834 519 3886 ad
529 3853 585 3889 sen·
601 3863 608 3870 ·
629 3840 724 3909 copia,
742 3836 784 3889 vel
798 3838 890 3908 inopia
902 3836 1014 3888 suadere
1026 3833 1127 3886 debuit.

83 3929 128 3963 sus
135 3930 254 3964 errorem
262 3909 372 3982 dietum,
378 3926 585 3984 poetarumtmo-
628 3917 670 3970 sie
680 3917 751 3988 apud
758 3919 891 3970 Romanos
899 3941 905 3969 ε
914 3918 951 3990 sio
961 3914 1033 3987 apud
1042 3914 1132 3963 Etrus·

84 4009 129 4060 re,
149 4009 181 4046 ac
195 3994 217 4044 si
236 4011 286 4064 per
301 4005 408 4050 noctem
426 3994 517 4050 eaelum
534 3997 583 4050 cir·
629 4015 684 4054 eos.
700 4009 791 4062 avecta
807 3996 923 4064 ullum,
940 4007 1049 4061 ornate,
1067 4010 1129 4047 uve·

1307 2089 1324 2114 a>
