2690 4598
338 293 575 359 aceruos
598 297 752 364 traca
776 303 838 367 rx.
1069 319 1111 403 49
1156 271 1158 278 ’

64 411 264 502 Euryali:at
278 412 896 515 subitus'miseroecalorossareliquit;
1065 446 1113 510 475

2 591 3 594 Ἴ
63 518 202 584 Excussi
215 518 371 584 manibus
383 520 480 600 radii,
495 523 709 614 revolutaque
720 549 832 615 pensa.

64 623 181 687 Evolat
193 624 326 705 infelix,
341 643 387 705 et,
402 627 548 691 femineo
561 627 702 711 ululatu,

63 727 167 794 Scissa
180 752 326 810 comam,
340 754 453 796 muros
465 755 578 798 amens
587 733 689 824 atque
701 740 831 825 agmina
841 763 941 808 cursu

63 833 171 898 Prima
183 835 269 923 petit
282 858 289 898 z
303 858 372 899 non
384 835 439 900 illa
451 838 574 919 virum,
588 863 656 905 non
669 841 723 905 illa
734 845 863 930 pericli,

61 940 294 1031 Telorumque
306 965 449 1024 memor;
463 945 580 1009 caelum
594 946 716 1013 dehinc
729 952 899 1038 questibus
912 956 1033 1045 inplet:
1066 974 1111 1037 its

65 1047 192 1112 «Hunc
204 1070 268 1136 ego
279 1064 325 1128 te,
341 1048 494 1138 Euryale,
507 1050 674 1139 adspicio?
685 1071 779 1135 tune,
794 1057 848 1122 illa
860 1079 1000 1129 senectae

61 1155 138 1219 Sera
150 1177 236 1220 meae
249 1157 394 1245 requies,
408 1159 545 1245 potuisti
557 1159 708 1249 linquere
721 1163 840 1245 solam,

62 1259 235 1324 Crudelis?
247 1283 308 1327 nec
320 1279 368 1339 te,
381 1261 443 1326 sub
456 1279 544 1328 tanta
555 1265 704 1352 pericula
715 1269 867 1350 missurn,

61 1365 177 1431 Adlari
191 1385 374 1431 extremum
385 1368 512 1433 miserae
526 1368 599 1435 data
613 1373 708 1459 copia
719 1376 835 1438 matri?

1 1543 2 1546 Ἴ
61 1471 152 1552 Heu,
167 1475 392 1562 terraignota,
406 1474 542 1540 canibus
555 1475 754 1564 datepraeda
767 1481 891 1547 Latinis
1064 1506 1108 1564 aas

62 1579 274 1670 Alitibusque
285 1580 391 1670 jaces!
405 1605 467 1647 nec
479 1599 512 1647 te
524 1598 580 1648 tua
594 1585 712 1651 funera
722 1604 828 1652 mater

90 1775 146 1838 ⁴75.
153 1776 276 1824 AtHeins.
284 1793 337 1824 cum
344 1777 487 1826 melioribus.
497 1779 575 1844 Vulgo
584 1783 628 1828 Ac.
635 1781 743 1848 reliquit
750 1784 798 1831 Eri·
808 1811 838 1823 -
847 1787 901 1851 476.
909 1790 1049 1859 Εηιιιὶςίιιρ.
1059 1797 1110 1846 Με-

59 1848 124 1894 crnb.
132 1846 175 1893 lib.
183 1849 215 1894 lV
222 1850 269 1895 Sat.
280 1864 288 1894 ι
300 1849 396 1896 editum.
404 1851 617 1902 Diseussil’arrbas.
625 1855 768 1922 resolutaque
775 1859 1007 1924 membrurelingdsat
1015 1871 1109 1918 llarnes.

61 1919 91 1966 ad
100 1919 169 1967 lliad.
180 1930 203 1978 χ
209 1952 218 1974 ,
231 1919 276 1978 448
286 1934 312 1968 ut
320 1925 473 1970 convenirent
484 1915 554 1972 rerba
565 1941 571 1971 ι
582 1922 622 1976 oia
632 1927 654 1972 δ’
663 1925 773 1986 innixis
782 1926 853 1990 puisi,
866 1931 954 1992 χαμαί
960 1951 987 1981 rs
995 1931 1014 1983 si
1023 1936 1112 1990 tmen

58 1986 140 2053 aspis.
148 1990 241 2053 -478.
249 2007 324 2038 comus
330 1994 389 2039 Ven.
399 2006 423 2041 et
430 1994 500 2040 Goth.
508 2010 568 2051 sec.,
578 1998 620 2058 qui
631 2009 654 2042 et
663 2001 753 2061 aprunio
761 2002 847 2044 ciream
858 2001 960 2048 exhibet.
967 2006 1059 2061 -480,
1070 2011 1111 2056 ὼ.

60 2059 112 2105 lsim
119 2058 202 2106 celum
208 2072 255 2107 tres
262 2063 434 2120 uram-481.
442 2067 495 2110 Non
501 2080 541 2129 eqo
548 2065 617 2111 Goth.
625 2082 671 2112 sec.
679 2069 740 2113 Hinc
748 2069 838 2131 Hugea.
846 2071 963 2118 Hunccine
970 2083 998 2130 te,
1008 2077 1111 2138 Euryale

58 2143 117 2178 vett.
136 2131 192 2178 edd.
211 2133 325 2180 Macrobii
337 2135 358 2178 V
369 2136 414 2181 Sat.
427 2150 454 2196 9,
467 2148 490 2182 et
502 2138 527 2181 in
537 2139 641 2199 margine
654 2138 707 2184 cod.
724 2141 804 2186 Bemb.
817 2142 929 2189 Terentii.
947 2145 980 2190 Ex
991 2148 1073 2196 iisdem
1086 2165 1111 2200 es

59 2198 114 2247 aliis
124 2201 195 2246 codd.
208 2202 317 2250 Heinsius
328 2207 429 2251 restituit
441 2213 493 2251 tuoe
505 2203 544 2250 illu
555 2221 574 2252 s.
581 2239 588 2262 ‚
601 2206 666 2269 quod
675 2209 723 2269 jam
733 2207 784 2254 Ald.
797 2221 850 2256 tert.
862 2210 944 2269 babet,
959 2229 1003 2276 pro
1014 2218 1109 2282 vulgato
1198 2245 1202 2260 ·

60 2269 112 2326 iiic,
131 2271 198 2335 qnod
209 2284 287 2320 tamen
299 2273 391 2322 doctius
402 2275 503 2322 ridetur.
515 2276 545 2322 cf.
559 2275 590 2322 ad
601 2294 623 2322 v.
635 2275 690 2334 485.
708 2277 806 2326 Dorvill.
819 2297 832 2325 a
843 2296 874 2326 m.
887 2297 933 2328 sec.
946 2285 999 2346 ipse.
1011 2311 1042 2324 -
1053 2289 1099 2348 484

60 2347 168 2388 amanis
185 2342 273 2389 Medic.
291 2355 315 2390 et
332 2346 408 2407 Sprot.
428 2353 529 2392 exuemo
545 2345 625 2408 plures
643 2348 722 2394 Heius.
737 2360 760 2395 et
774 2351 853 2396 Burm.
868 2377 899 2388 -
913 2351 966 2408 iss.
988 2355 1039 2403 date
1056 2374 1110 2422 poss

59 2413 195 2460 Fabricium
207 2415 287 2460 Heins.
300 2429 313 2460 e
324 2415 407 2471 codd.;
420 2415 491 2477 vulgo
501 2417 568 2472 data,
584 2419 662 2463 minus
674 2417 804 2480 eleganter,
823 2421 929 2481 inprimis
939 2436 993 2484 post
1003 2426 1058 2473 data
1067 2445 1110 2477 co.

57 2486 104 2546 pia.
118 2483 211 2540 -ssu
225 2485 299 2530 locus
310 2486 553 2548 interpretationem
565 2486 733 2549 expediendus.
743 2491 836 2536 Servius
841 2489 951 2552 funerum
963 2499 1071 2557 exponis,
1083 2499 1108 2546 h,

59 2568 81 2598 e·
95 2569 160 2608 eam,
173 2552 283 2617 adquam
293 2554 363 2601 funus
372 2558 488 2617 pertinet,
500 2559 566 2618 quasi
576 2556 705 2603 funeream.
715 2557 811 2604 tadum
822 2557 861 2604 alii
866 2558 965 2620 funerus
976 2566 1109 2626 producere

59 2626 188 2681 cadavera,
197 2626 301 2689 preficas
312 2629 386 2689 sequi.
399 2627 554 2673 Grammatico
569 2631 675 2674 acumine
686 2629 757 2692 digna
769 2632 888 2693 antiquata
900 2649 955 2689 vox,
968 2651 1015 2681 non
1026 2638 1108 2685 Maro-

60 2699 130 2742 niana
143 2696 273 2758 elegantia!
288 2697 352 2756 Quid
362 2697 427 2760 quod
436 2713 480 2744 nec
489 2701 552 2745 vocis
562 2699 694 2762 exemplum
705 2713 778 2757 extat,
792 2703 836 2747 nisi
846 2719 874 2748 ex
883 2702 984 2751 lectione
992 2708 1040 2754 Jos.
1053 2711 1109 2755 Sca-

59 2765 127 2829 ligeri
139 2769 166 2812 in
175 2768 244 2812 Ennii
256 2767 401 2830 epitaphium
410 2767 475 2814 illata
485 2784 491 2814 :
503 2784 544 2814 nec
551 2769 639 2831 funera
642 2772 725 2832 fletum
727 2772 798 2834 feast
811 2772 840 2817 cf.
852 2774 929 2819 Daris.
939 2775 969 2820 ad
980 2776 1028 2821 Cic.
1039 2779 1108 2824 Tuae.

59 2840 106 2898 Qu.
118 2840 141 2894 l,
153 2837 192 2900 49.
205 2838 331 2901 Displicuit
340 2841 450 2886 Serviane
461 2841 522 2885 ratio
531 2843 580 2902 jam
590 2841 655 2886 Julio
666 2843 765 2898 Sabino,
784 2845 825 2905 qui
836 2845 868 2888 sic
880 2846 980 2906 accipit:
995 2862 1056 2907 nego
1069 2859 1109 2893 tua

63 2931 75 2952 ι
82 2921 156 2956 mater
167 2913 250 2973 peperi
262 2923 286 2957 te
297 2925 346 2956 non
357 2910 387 2956 ad
398 2912 495 2966 lunera,
510 2909 535 2956 id
547 2924 593 2966 est,
607 2925 634 2956 ut
645 2915 694 2974 ipsa
706 2913 749 2958 tibi
760 2913 860 2959 facerem
873 2913 951 2959 funus.
960 2915 976 2954 ι’
985 2915 1110 2962 Substituit

60 2981 132 3041 igitur
143 2978 198 3035 ille,
217 2979 283 3042 quod
300 2979 339 3026 alii
351 2996 447 3043 quoque
458 2981 563 3027 faciunt:
576 2997 620 3026 nec
633 2991 654 3028 te
665 2983 695 3028 ad
708 2982 789 3043 tuuf,
802 2981 844 3028 sed
855 2981 900 3026 boc
912 2981 1048 3042 plumbeum
1061 2997 1108 3041 est;

60 3063 114 3108 aut,
127 3051 194 3114 quod
205 3051 398 3099 Pseudo-Donati
409 3055 596 3115 interpretationi
606 3053 724 3116 praefixum
734 3053 804 3098 rideo
815 3069 820 3098 ι
833 3067 872 3098 nee
886 3061 906 3096 te
917 3055 942 3096 in
956 3061 993 3096 tau
998 3053 1021 3114 f.
1027 3087 1035 3109 ,
1047 3066 1071 3100 at
1082 3059 1108 3102 in

60 3125 111 3186 ipsa
129 3125 324 3186 interpretatione
342 3123 410 3172 aliter
426 3136 536 3187 acceptus
552 3124 634 3172 locus:
655 3125 716 3170 «rite
727 3139 835 3186 quoque,
852 3124 941 3184 inquit,
953 3122 1018 3186 aliud
1031 3124 1109 3174 fuerat

64 3289 113 3342 133
127 3307 203 3361 seqq.
217 3318 252 3328 -
262 3290 323 3360 476.
339 3291 459 3345 Allectus
472 3291 562 3346 arnul·
608 3291 673 3359 bns,
685 3291 770 3343 visum
784 3301 824 3344 est
836 3290 1019 3342 infaustissimi
1028 3309 1106 3343 casus

60 3371 95 3420 tis
106 3369 281 3422 adumbratus
293 3391 299 3422 ι
313 3383 340 3423 at
350 3373 477 3444 Virgilius
489 3390 562 3444 pres·
610 3390 681 3437 esse,
702 3372 724 3422 si
743 3371 786 3422 cui
801 3371 881 3421 funus
900 3368 962 3421 duci
974 3373 1105 3441 nequiret.

60 3452 96 3500 sit
105 3449 415 3521 vestigiadpolloniilll,
428 3451 559 3524 abiseqq.
609 3451 651 3502 Ad
669 3462 810 3522 sequentes
825 3467 932 3520 quoque
947 3467 1038 3502 versus
1049 3450 1109 3502 illu·

58 3527 95 3580 de
107 3528 189 3580 radiis
201 3530 311 3580 tuentis
321 3547 346 3581 v.
359 3533 418 3602 sup.
433 3529 467 3582 ad
479 3531 525 3583 Ge.
538 3533 560 3598 l,
610 3529 731 3582 strandoe
752 3527 870 3599 undique
891 3528 1012 3580 locorum
1027 3531 1108 3600 copia

59 3607 122 3677 294.
133 3636 169 3647 -
180 3607 240 3678 479.
259 3608 347 3680 prima
365 3609 471 3681 cymino
487 3609 561 3662 baud
610 3611 741 3681 suppetit,
753 3609 832 3659 enam
849 3625 880 3658 ex
897 3609 957 3678 ipso
973 3609 1106 3677 Homero,

58 3686 142 3739 dubie
162 3687 309 3759 jungenda.
333 3688 403 3740 Nam
427 3691 562 3760 procurrit
609 3707 635 3738 v.
648 3708 671 3740 c.
685 3683 828 3759 Odyssm,
844 3703 891 3756 291
909 3704 967 3756 sqq.
984 3686 1058 3739 Iliad.
1071 3702 1105 3752 χ,

58 3779 122 3820 ante
136 3779 352 3838 propugnatores
368 3766 439 3819 ualli.
452 3795 487 3806 -
499 3768 559 3834 485.
611 3768 712 3838 Stisqq.
726 3768 760 3818 cf.
773 3767 821 3818 int.
834 3766 874 3832 X,
885 3763 934 3835 557
946 3783 1003 3837 sqq.
1015 3778 1042 3817 et
1052 3784 1104 3818 vss.

55 3845 120 3912 486.
136 3863 169 3898 ex
180 3848 264 3916 prisci
275 3847 322 3898 aevi
331 3847 484 3912 atrocitate,
494 3847 562 3899 inse-
609 3846 720 3898 exdttio
734 3865 776 3916 ap.
787 3845 842 3896 Cic.
860 3845 937 3896 Tuso.
951 3845 1001 3911 Qu.
1017 3846 1044 3910 Ι,
1061 3845 1104 3910 44.

56 3923 138 3994 pulta
162 3924 323 3994 projiciendi
344 3944 474 3996 corpora,
496 3928 560 3978 satis
610 3925 717 3992 -486,
734 3942 781 3977 nec
800 3934 823 3975 te
844 3933 888 3974 tua
901 3922 1003 3992 funera
1023 3932 1106 3972 mater

57 4015 140 4074 nota,
157 4003 201 4056 vel
217 4021 250 4080 ea
266 4003 358 4061 iliadis
373 4006 466 4082 primis
482 4005 562 4081 persi·
609 4004 748 4068 Produxi:
767 4016 796 4060 ut
813 4002 1013 4073 nunc'legitur,
1034 4001 1103 4052 ratio

147 4089 176 4164 i·
905 4091 926 4158 l
