2690 4598
318 325 555 392 nuaroos
579 327 732 392 ernau
756 329 817 393 rx.
1049 330 1090 418 59

52 450 244 518 Stridentem
257 451 411 532 fundam,
424 453 539 542 positis
552 455 735 520 Mezentius
747 453 863 534 hastis,

52 561 117 647 Ipse
129 577 181 624 ter
192 559 337 625 adducta
349 562 473 626 circum
487 578 586 649 caput
598 563 664 649 egit
675 561 819 642 habena,

52 666 86 728 Et
96 665 207 730 media
218 665 350 732 adversi
362 667 542 757 liquefacto
555 684 704 756 tempora
716 668 854 757 plumbo

52 770 189 850 Diffidit,
203 795 242 838 ac
254 773 359 836 multu
370 789 561 860 porrectum
575 773 721 837 extendit
733 797 842 838 arena.

52 927 75 974 lis
84 947 124 976 mu
136 933 163 976 P.
178 933 248 978 etiam
259 932 283 978 h.
297 927 314 978 l.
328 931 421 994 legebat
432 931 526 980 Cluver.
539 932 590 979 ital.
604 945 652 979 ant.
666 950 718 996 pag.
731 931 785 995 934.
798 933 845 981 vid.
859 949 928 998 supra
939 932 968 980 ad
977 933 1039 981 idem
1051 929 1093 982 lie·

51 1001 184 1048 nunchium
195 1000 236 1047 lib.
247 1003 303 1059 vll,
317 1003 370 1066 764.
383 1007 442 1050 Sane
452 1015 475 1049 et
487 1003 511 1048 b.
525 1003 541 1050 l.
554 1016 594 1050 aut
604 1007 629 1050 iu
640 1006 721 1067 partes
727 1003 830 1050 Cluverii
842 1007 953 1060 transire,
965 1015 1005 1050 out
1016 1003 1095 1050 deleto

51 1079 69 1115 et
82 1070 160 1132 legere
178 1071 258 1118 malim
275 1089 282 1119 r
300 1077 389 1138 pinquis
402 1073 440 1119 ubi
449 1073 567 1138 placabilis
577 1091 618 1120 cru
628 1072 708 1121 Palici.
725 1073 820 1121 Scilicet
831 1072 923 1120 Palicus
932 1070 1049 1136 placabilis
1061 1086 1097 1120 est

51 1143 85 1202 qui
97 1140 217 1204 placatur,
237 1145 336 1206 ejusque
354 1161 395 1188 ura
409 1147 498 1208 pinquis
513 1147 619 1191 victimis.
638 1143 754 1198 Palicum,
768 1161 811 1207 pro
823 1143 968 1201 Palicorum,
988 1142 1097 1188 emendat

51 1212 126 1257 Cerda.
137 1213 184 1258 Sed
194 1213 242 1260 vid.
253 1217 306 1260 Not.
318 1214 398 1261 Puluci
405 1217 487 1262 nanc.
497 1217 540 1262 ud.
550 1219 610 1263 Ven.
622 1219 700 1280 inquit
708 1219 802 1273 Burm,
817 1229 866 1262 tum
876 1219 966 1278 pergit,
977 1217 1054 1260 Lutat.
1065 1214 1098 1260 ud

50 1284 109 1328 Statii
121 1285 164 1328 ΧΠ
175 1285 252 1332 Theb.
270 1287 322 1334 156.
335 1285 420 1346 Pulisci
429 1287 496 1346 ald„
511 1288 552 1336 sed
563 1292 637 1351 prima
649 1301 746 1336 tantum.
759 1289 787 1334 lu
799 1289 892 1340 Lutatio
904 1290 1015 1350 scriptum
1027 1288 1097 1332 inve·

50 1355 85 1398 uio
101 1370 106 1399 ι
125 1363 149 1399 et
165 1355 318 1419 implacabilis
334 1375 375 1404 um
387 1357 472 1418 Palyci.
485 1385 517 1395 -
528 1360 581 1405 586.
602 1359 672 1407 bustis
684 1362 763 1407 Heius.
777 1376 789 1404 e
802 1359 889 1404 Medic.
902 1371 925 1406 et
936 1357 1026 1412 colos,
1040 1359 1096 1403 item

51 1423 135 1487 aliquot
147 1425 208 1474 aliis.
219 1428 305 1491 Vulflg.
318 1446 372 1475 cum
385 1431 450 1476 Rom.
461 1435 538 1476 tinnis.
548 1433 639 1478 Novum
652 1444 743 1489 autem,
756 1443 779 1478 et
791 1430 820 1476 ab
832 1433 956 1478 Homerico
968 1445 1032 1474 more
1042 1428 1103 1474 alie·

8 1554 9 1566 χ
50 1509 114 1553 num,
128 1499 196 1560 quod
209 1500 356 1547 Mezentium
373 1501 519 1549 funditorem
530 1504 617 1567 prodit.
632 1529 663 1540 -
678 1504 729 1566 589.
743 1504 838 1549 Dissicit
848 1520 884 1566 pr.
898 1503 981 1548 Hamb.
992 1517 1037 1564 pro
1049 1501 1096 1547 div.

49 1629 85 1694 Vr
104 1648 143 1700 ¹9·
156 1631 268 1685 Aristot.
281 1636 377 1688 Mirab.
391 1636 482 1689 Audit.
496 1635 543 1703 58,
593 1657 672 1700 nere3
682 1640 734 1690 nisi
745 1639 815 1690 forte
823 1638 879 1707 jam
890 1635 1009 1688 Maronis
1019 1644 1101 1686 aetate

49 1708 133 1780 Antig,
147 1709 252 1784 Cffl'ysst·
270 1715 327 1767 ¹33·
344 1713 401 1785 ¹75.
416 1715 543 1787 Stephan·
593 1735 662 1770 unus
675 1731 777 1771 tantum
790 1718 864 1770 lacus
877 1716 943 1775 futu
958 1713 1100 1784 quomodo

48 1787 101 1859 Byr.
115 1789 143 1839 in
156 1786 259 1844 nurui.
277 1805 304 1844 et
321 1793 432 1845 Diodor.
445 1795 497 1860 xl,
511 1795 544 1864 89
594 1799 739 1850 etiamnum
757 1815 826 1848 uuus
844 1807 948 1846 tuntum
965 1793 1097 1858 hahetur,

49 1879 123 1918 sunt:
144 1881 171 1920 et
187 1871 232 1921 vix
249 1883 303 1937 est,
326 1872 398 1944 quod
417 1885 545 1944 preterea
594 1875 681 1930 dictus
692 1879 789 1928 Douna
799 1875 873 1926 Tetia
881 1891 901 1924 s.
910 1872 1018 1942 Nostia,
1027 1875 1050 1922 11
1059 1874 1104 1924 M.-

48 1943 193 2000 desideres:
203 1951 244 2001 ain
256 1951 334 2022 plura
344 1955 433 2024 cupis,
443 1952 487 2007 adi
496 1956 546 2006 Bo·
594 1955 628 2006 ub
637 1955 704 2008 urbe
713 1954 870 2026 Pelagonia,
881 1963 907 2002 et
916 1953 926 2000 1
935 1951 1013 2002 leuca
1022 1967 1038 2000 a
1046 1951 1099 2000 Mi·

48 2023 126 2077 chart.
137 2027 223 2080 (iliam
238 2029 262 2096 1,
282 2032 331 2096 28,
349 2031 502 2084 Cluverium
518 2035 546 2094 in
594 2029 1105 2103 noo,invallemontibusVulcaniisinr

46 2102 112 2158 Sicil.
133 2120 205 2176 ant,
222 2109 380 2162 Dorvillium
395 2113 423 2164 in
435 2109 508 2165 Sicil.
520 2132 545 2183 p·
597 2115 687 2179 clusa,
706 2131 763 2184 quae
777 2113 875 2184 etipsa
886 2121 974 2162 crater
983 2108 1103 2160 Vulcani

49 2184 226 2254 167,etibid.
238 2190 379 2242 Burmann·
388 2191 445 2250 Sec.
458 2212 486 2263 p.
496 2193 546 2261 472
597 2195 679 2246 fuisse
692 2191 818 2244 creditur.
829 2191 913 2242 Durat
926 2187 1014 2241 adhue
1025 2187 1099 2239 simi·

46 2279 120 2335 Mu,
137 2267 309 2322 Wemssdttff·
330 2271 402 2323 Poet·
420 2273 484 2324 min·
500 2273 550 2338 IV,
598 2273 631 2328 lis
644 2272 814 2344 superstitio,
833 2269 906 2342 quod
917 2266 1029 2322 fatidica
1041 2284 1102 2318 mu-

45 2362 72 2413 p.
85 2346 153 2412 820,
166 2361 193 2399 et
200 2349 243 2398 Jo.
257 2348 416 2403 Beekmunn.
430 2351 465 2404 ad
478 2352 550 2404 Ans·
598 2353 647 2406 lier
658 2352 713 2404 illio
723 2350 813 2404 sedem
825 2349 915 2402 hahet.
928 2347 1101 2398 Mirationem

47 2438 93 2478 tot.
107 2427 124 2478 l.
139 2447 163 2480 c.
178 2442 204 2480 et
217 2429 342 2501 surigna.
357 2431 374 2482 l.
388 2452 411 2484 c.
426 2445 452 2484 et
464 2451 549 2504 nuper
598 2434 664 2485 iacit
676 2449 747 2503 aqua
763 2432 791 2482 in
806 2428 894 2482 medio
908 2439 1010 2479 cratere
1023 2425 1102 2479 ebul-

47 2505 154 2571 Cumus,
167 2507 309 2561 Memoires
319 2507 350 2561 de
361 2509 490 2564 l'Iustitut
500 2531 547 2564 na·
597 2513 680 2579 liene,
695 2511 807 2564 sulfurei
824 2509 923 2561 odoris.
935 2537 970 2548 -·-
985 2505 1045 2560 588.
1064 2504 1102 2557 ti-

45 2583 131 2636 tional
142 2603 188 2636 an.
196 2588 253 2637 Vll.
265 2588 294 2640 3⁰
305 2588 397 2654 classe,
406 2609 433 2660 p.
445 2591 491 2657 241
506 2610 545 2664 sq.
596 2593 720 2665 quesuoto
730 2589 857 2662 plumbo:
872 2591 949 2660 quasi
959 2586 1100 2660 plumbum

46 2663 90 2716 Est
102 2677 193 2718 tameo
205 2667 248 2718 vel
261 2666 299 2718 sie
311 2667 426 2720 obscura
438 2688 547 2723 summae
595 2670 813 2723 fundaemissum
824 2671 850 2720 in
859 2687 919 2721 aere
925 2668 1101 2740 liquefactum

45 2745 185 2796 vetustatis
197 2746 300 2818 religio.
318 2748 402 2800 Fuere
418 2748 473 2800 duo
487 2769 547 2802 cra·
596 2753 648 2815 sit3
667 2750 741 2822 quod
760 2761 946 2821 portentorum
965 2749 1051 2805 easet3
1071 2756 1101 2794 ut

46 2835 127 2888 teres,
145 2843 193 2877 seu
205 2825 280 2878 lucus
296 2828 418 2898 gemelli,
431 2828 547 2902 ideoque
595 2831 666 2884 forte
674 2829 763 2880 dicere
773 2828 864 2892 malis,
875 2826 1003 2878 inflictum
1014 2834 1040 2874 et
1048 2821 1102 2873 illi-

45 2904 150 2956 Fratrea
168 2905 249 2970 dloti,
268 2925 343 2977 uqute
356 2907 478 2960 sulfureae
494 2928 550 2962 non
598 2926 657 2960 sum
668 2907 742 2958 duris
752 2907 856 2958 ossibus
866 2903 1006 2976 plumbum
1019 2919 1050 2953 ex
1060 2918 1105 2950 ro-

45 2982 124 3055 longe
133 2985 168 3036 ab
178 2985 276 3057 Eryce,
289 2988 364 3048 urbe,
377 2987 411 3039 od
423 3007 490 3059 quos
500 2990 552 3041 sol·
598 2987 685 3039 tundo
698 2985 838 3038 dilatatum
852 3003 918 3036 esse.
934 2983 998 3033 Erat
1012 2993 1101 3033 nutem

45 3062 135 3117 leunia
149 3066 328 3136 jurajuranda
344 3067 401 3120 fieri
416 3069 547 3122 solebant.
598 3065 755 3138 plumbum,
771 3064 857 3116 funda
876 3062 959 3114 emitti
978 3061 1101 3127 solitum,

45 3145 136 3196 Habiti
148 3147 220 3198 inter
231 3146 410 3211 deus,ianum
419 3148 548 3216 habuere,
597 3147 656 3198 fere
662 3144 737 3195 olivae
745 3143 838 3196 simile.
845 3143 987 3192 Enimvero
995 3158 1050 3191 non
1058 3139 1103 3194 de·

45 3243 99 3276 non
115 3225 197 3298 longe
215 3226 248 3278 ab
260 3223 331 3279 'urbe
349 3228 447 3280 Pulica.
467 3229 550 3296 Quod
598 3224 697 3276 bebam
714 3222 838 3292 argutari.
858 3219 1011 3272 Videndum
1030 3231 1103 3284 erat,

44 3303 112 3354 illud
127 3304 153 3356 b.
168 3304 187 3355 l.
207 3307 277 3361 circu
293 3305 452 3378 Symtetbum
467 3310 549 3362 fuisse
600 3303 665 3376 quid
684 3303 829 3371 antiquitas
854 3297 1010 3366 crediderit,
1036 3299 1105 3371 quid:

45 3382 215 3448 dicitur,non
226 3385 404 3458 geographica
415 3389 549 3460 accipien.
597 3395 679 3456 poeta
691 3381 786 3442 dixerit
800 3403 806 3432 ι
825 3383 871 3450 qui
882 3379 956 3432 haud
968 3380 1049 3432 dubie
1061 3397 1104 3432 se-

43 3459 126 3529 dum,
139 3463 187 3515 sed
197 3477 278 3534 poeta
288 3465 409 3516 locorum
422 3467 501 3518 altum
513 3467 549 3520 la·
598 3477 697 3536 quutus
707 3475 746 3515 est
755 3461 864 3533 vulgare
876 3459 1005 3530 loquendi
1017 3475 1101 3530 genus

42 3542 547 3618 tius,etanobiliorefluminedesignat.
599 3563 631 3596 ex
638 3543 710 3616 vulgi
720 3542 907 3613 persuasione,
925 3538 1104 3594 oeleriaciul·

41 3621 174 3694 Alioquin
182 3626 263 3676 etiam
272 3626 385 3697 propior
393 3627 490 3697 Eryoes
501 3625 550 3678 flu„
597 3625 688 3676 ¹minito
700 3633 775 3674 motu
784 3620 924 3692 plumbum
935 3621 1060 3671 emissum
1072 3618 1099 3669 in

41 3703 103 3754 vius
112 3716 179 3768 erat,
187 3723 260 3756 nunc
268 3704 428 3756 PiumediS.
438 3703 548 3770 Paullo,
603 3700 1100 3772 uereinoaleseereetliquefieriLuer.

40 3791 74 3830 ut
86 3782 185 3835 [aretia
195 3783 341 3856 Symaetbus
354 3796 393 3835 est
404 3806 410 3834 ε
422 3783 495 3854 quod
504 3785 549 3836 be·
602 3785 646 3848 vl,
659 3777 1103 3854 176utomniumotuPercaiesacta

39 3879 77 3913 ne
94 3861 187 3916 docuit
204 3864 353 3916 Cluverius.
372 3863 454 3931 Quod
465 3883 548 3916 unum
596 3860 945 3932 uidesardescererplumbeu
952 3877 1010 3911 veru
1017 3856 1103 3912 Gluns

39 3941 153 3994 tandein
165 3943 287 3996 Palicum
303 3955 434 3995 memorat
448 3955 547 4014 poeta,
599 3945 680 3996 etiam
693 3960 768 3994 cursu
781 3939 858 4014 leupo
868 3938 995 3992 volvenda
1005 3936 1099 4008 liques·

40 4021 78 4073 ad
85 4027 219 4093 poeticam
229 4027 361 4076 rationem
369 4022 548 4088 referendum,
596 4025 640 4077 cit.
658 4025 688 4076 In
702 4021 752 4096 589
768 4035 850 4094 poeta
867 4040 921 4072 non
934 4020 996 4071 satis
1009 4029 1101 4068 atten-

40 4122 99 4175 qua
113 4105 189 4159 licuit
201 4125 236 4166 ex
248 4104 355 4158 duobus
367 4123 450 4158 unum
461 4105 549 4157 nomi·
596 4104 653 4170 dit,
665 4121 694 4160 se
706 4105 734 4156 in
746 4102 946 4176 oppugnatione
958 4111 1101 4147 murorum
