2690 4596
190 312 252 390 420
517 299 728 368 uarum
751 297 899 366 vasu

188 434 276 496 Meta
290 427 409 491 luroris
421 423 533 502 adest,
548 447 615 513 quo
628 440 742 488 contra
749 425 824 514 jura
837 422 1019 514 fidemque,

188 536 321 601 Iliacam
333 549 431 622 rupto
444 531 582 595 turbasti
594 529 719 595 foedere
731 547 872 618 gentem.

187 644 273 707 Eece
285 661 438 728 suprema
451 636 537 716 dies,
550 635 620 702 aliis
634 637 781 724 exempla
793 636 854 701 sub
867 659 974 700 aevum

187 751 374 812 Venturum
385 746 542 810 missura:
556 745 673 808 lovem
685 767 752 807 non
765 760 913 808 temnere
926 745 1048 808 frustra

189 857 250 920 Fas
262 855 317 932 sit,
332 869 365 916 et
377 835 705 939 indignos'bellorum
717 848 899 914 accendere
912 866 1033 915 motus.

189 965 285 1026 Nunc
297 961 395 1026 armis
407 960 516 1024 laetare
523 958 606 1037 tuis,
620 957 700 1020 heu!
715 957 826 1022 nobile
839 979 975 1045 corpus,

189 1069 317 1146 Turne,
327 1067 416 1156 jaces
429 1089 436 1127 :
448 1081 482 1129 at
493 1087 561 1128 non
574 1064 633 1127 tibi
646 1064 708 1127 erit
721 1064 855 1126 Lavinia
868 1085 986 1150 parvo;

190 1177 259 1239 Nec
272 1173 385 1238 dextra
397 1188 507 1235 tamen
521 1173 629 1234 AEneae
642 1167 798 1234 cecidisse
811 1167 961 1256 pudebit.

191 1283 297 1358 Nunc,
309 1279 431 1355 Rutuli,
443 1277 521 1340 hinc
530 1276 657 1339 auferte
667 1272 787 1340 ducem
795 1290 952 1352 vestrum,
964 1293 1054 1336 arma
1061 1274 1244 1362 virumque

191 1386 342 1474 Largior,
355 1400 455 1471 atque
468 1393 600 1445 omnem
614 1378 776 1444 deflendae
789 1380 904 1443 mortis
917 1378 1092 1442 honorem.
1214 1392 1245 1448 40

191 1490 257 1557 Sed
269 1514 343 1580 quae
357 1488 508 1553 Pallantis
521 1487 653 1550 fuerant
664 1485 809 1572 ingentia
821 1483 920 1548 baltei
944 1500 947 1506 ·

185 1595 358 1674 Pondere,
372 1592 590 1658 transmittam
603 1588 772 1666 Evandro,
786 1605 824 1651 ut
835 1588 947 1652 solatia
961 1609 1046 1652 caeso

194 1700 293 1768 Haud
305 1701 390 1765 levia
401 1697 497 1762 hoste
510 1697 607 1773 ferat,
621 1697 804 1782 Turnoque
818 1693 956 1757 exsultet
967 1691 1138 1782 adempto.

195 1813 263 1876 Vos
276 1827 439 1871 memores
452 1820 577 1879 tameo,
591 1801 742 1878 Ausonii,
756 1799 948 1864 melioribus
960 1800 1010 1863 uti

196 1989 247 2042 bus
265 2003 372 2058 poenam
394 1941 536 2034 indicavitl
554 2009 588 2018 -
605 1976 647 2031 36.
660 1978 741 2030 Nunc
763 1979 842 2030 annis
865 1977 953 2029 letare
973 1978 1032 2030 tuis.
1049 1978 1191 2032 verbatim
1214 1999 1246 2032 ex

197 2066 302 2126 AEueid.
311 2065 352 2128 X,
365 2063 415 2132 827
426 2083 431 2112 :
445 2078 519 2111 arma
529 2098 537 2124 ‚
548 2057 642 2131 quibus
652 2057 763 2122 lutatus,
775 2057 840 2109 ltabe
850 2069 895 2108 tua
903 2078 912 2107 .·
921 2060 959 2110 ita
967 2057 1041 2110 Graii
1048 2058 1245 2112 Penthesileam
1329 2093 1330 2106 t

197 2148 314 2198 occisam
332 2143 489 2194 remiserant
507 2138 541 2190 ad
552 2138 683 2206 Trojanos
700 2135 739 2188 σὺν
754 2133 873 2200 estimo,
890 2155 951 2188 cum
971 2138 1068 2188 armis:
1087 2150 1113 2188 et
1126 2135 1245 2204 Plat0‚5

197 2225 274 2276 Polit.
296 2224 349 2274 aits
369 2215 508 2286 ἀνελεύθερον
521 2215 593 2282 σνλᾷν
605 2234 696 2283 uupu:
713 2215 843 2266 illiberale
861 2227 900 2267 est
919 2213 1034 2285 spoliare
1051 2228 1197 2268 mortuum.
1212 2246 1246 2254 -

200 2303 268 2354 lieu!
281 2299 369 2352 nobile
381 2317 489 2368 θοι-ρας,
505 2298 599 2348 Turne.
611 2297 681 2346 Bene
694 2297 721 2345 in
733 2297 790 2345 viro
802 2295 883 2360 forti,
894 2307 920 2346 et
932 2296 994 2365 pio,
1005 2308 1246 2365 temperamentum

198 2383 276 2454 ponit
289 2380 397 2449 justitiae
411 2390 436 2428 et
449 2375 645 2426 miserationis:
659 2385 689 2424 ut
705 2373 820 2444 gaudeat
838 2373 948 2426 deorum
963 2385 1179 2444 contemptorem
1192 2378 1248 2427 vic·

200 2476 257 2514 tum
274 2478 344 2526 esse,
364 2457 506 2525 doleatque
519 2455 589 2505 vinci
607 2455 812 2512 commeruisse;
825 2453 926 2506 scilicet
942 2466 971 2504 ut
987 2456 1081 2505 vitium
1100 2455 1246 2521 damnans,

200 2541 336 2592 hominem
346 2533 522 2588 commendet.
533 2531 662 2584 Videatur
674 2531 760 2583 Cerda
773 2531 807 2582 ad
820 2546 911 2584 notam
923 2552 947 2583 v.
959 2532 1012 2601 950
1024 2532 1087 2585 libri
1098 2535 1148 2586 ΧΗ
1160 2538 1248 2588 AEnei-

178 2679 182 2688 Κ
202 2617 354 2686 dos-37.
365 2625 457 2665 utnon
472 2611 518 2662 tibi
531 2611 581 2662 erit
591 2609 704 2662 Lavinia
715 2629 806 2681 paruo.
820 2609 925 2662 Scilicet
936 2614 1032 2681 pretio.
1047 2613 1079 2663 Et
1091 2627 1154 2664 sunt
1166 2614 1248 2666 verba

203 2719 261 2772 quae
270 2701 377 2749 Turnus
389 2708 416 2748 et
425 2696 481 2764 ejus
494 2694 559 2744 socii
570 2695 598 2743 in
608 2691 797 2744 contumeliam
804 2693 968 2744 Teucrorum
981 2694 1247 2763 protulerant-38.

201 2785 255 2834 Nec
267 2779 357 2830 dextra
373 2787 458 2827 tamen
477 2775 628 2824 AEneaeetc.
642 2771 684 2824 Sic
696 2771 731 2822 ad
747 2771 862 2823 Lausum
875 2790 982 2841 quoque
997 2772 1108 2838 Eume,
1124 2775 1166 2839 X,
1182 2776 1247 2828 830:

202 2861 296 2912 AEnem
306 2856 398 2930 magui
409 2855 498 2905 dextra
510 2853 597 2904 cadis!
610 2851 691 2919 Quod
707 2853 799 2922 ingens
813 2869 877 2902 sane
890 2850 996 2902 cadenti
1008 2851 1150 2902 solatium!
1162 2883 1197 2891 -
1206 2855 1248 2920 41.

206 2939 257 2992 Sed
268 2955 327 3010 quoe
341 2933 478 2988 Pallantis.
495 2934 601 2984 Pietatis
614 2945 671 2983 erat
679 2933 770 2982 Turno
784 2950 857 2982 arma
871 2932 1041 3002 relinquere:
1059 2932 1108 2984 sed
1126 2933 1248 3000 talionis,

201 3019 314 3088 insignia
325 3015 446 3078 demere,
456 3015 538 3082 utqui
550 3012 615 3063 alios
626 3010 800 3081 spoliaverat,
812 3024 837 3062 et
848 3012 904 3081 ipse
915 3010 1250 3084 spoliaretur-inuentis

203 3095 290 3148 baltei.
303 3095 412 3146 Collisio
423 3106 476 3144 est:
491 3111 552 3144 nam
563 3111 616 3142 non
630 3104 718 3162 potest
730 3108 820 3141 versus
832 3089 1002 3162 hypermeter
1010 3109 1083 3155 esse,
1101 3110 1185 3161 quum
1199 3109 1253 3143 non

206 3190 334 3245 sequatur
345 3173 453 3226 vocalis.
467 3174 499 3224 A.
508 3203 542 3212 ——
555 3173 596 3239 42.
608 3183 638 3223 ut
649 3170 743 3224 solatia
753 3188 815 3222 caeso
827 3171 910 3222 Haud
921 3169 989 3221 levia
1003 3171 1072 3223 hoste
1078 3171 1161 3241 ferat.
1172 3173 1253 3225 Recte

205 3255 335 3306 hactenus
348 3276 355 3306 :
368 3268 424 3306 erat
435 3256 506 3306 enim
516 3253 602 3304 solatii
610 3272 665 3303 non
677 3251 743 3303 nihil
756 3254 851 3304 misero
864 3251 1004 3316 Evandro,
1015 3255 1043 3304 in
1055 3266 1142 3304 morte
1154 3254 1253 3314 Turni;

206 3335 317 3387 sednon
326 3335 396 3387 uude
415 3332 561 3386 exsultaret.
573 3334 642 3386 Male
653 3335 748 3406 igitur,
766 3333 908 3404 Turnoque
920 3331 1031 3384 exsultet
1041 3334 1155 3385 ademto.
1167 3364 1203 3376 -
1211 3335 1252 3402 44

204 3411 353 3464 melioribus
368 3413 408 3464 uti
424 3413 521 3464 Discite
534 3410 661 3463 bellorum
680 3411 812 3482 auspiciis.
831 3413 888 3463 Hoc
905 3423 959 3475 est,
979 3429 1028 3462 vos
1047 3411 1143 3463 melius
1161 3415 1255 3484 auspi-

206 3493 301 3542 cemini
312 3513 317 3540 :
331 3511 392 3543 nam
402 3505 589 3543 eventarerum
599 3493 701 3544 ineerta
714 3492 768 3541 dici
778 3510 830 3542 non
844 3504 972 3562 possunt;
983 3489 1046 3542 licet
1055 3493 1083 3541 in
1093 3491 1142 3542 ΧΗ
1150 3491 1253 3544 AEneid.

207 3569 258 3634 435
273 3569 374 3620 dictum
387 3571 433 3635 sit,
447 3570 481 3621 ad
494 3573 669 3622 imitationem
681 3570 834 3642 Sophoclis;
845 3572 914 3644 Ajax
926 3571 1032 3642 Mastig.
1048 3591 1074 3622 v.
1088 3570 1159 3623 550:

314 3676 392 3728 Disce
404 3697 471 3748 puer
483 3681 607 3731 virtutem
623 3697 654 3731 ex
665 3698 706 3731 me
717 3697 862 3749 verumque
874 3677 1011 3746 laborem,

314 3754 459 3804 Fortunam
473 3775 503 3807 ex
515 3757 611 3808 aliis...

207 3865 276 3915 Nam
286 3863 339 3916 illic
350 3863 423 3916 aliud
432 3867 542 3920 verbnm
550 3871 654 3922 Servius
663 3869 876 3923 subaudiendum
885 3869 972 3924 docet.
983 3872 1075 3922 Potest
1080 3872 1163 3923 etiam
1171 3874 1255 3944 accipi

205 3943 410 4013 auspiciumpro
418 3946 639 4019 principio:sicut
647 3953 789 4021 auspicari,
797 3971 846 4021 pro
854 3951 1258 4022 inchoare.NamquiaRomaui

208 4020 309 4072 nullam
322 4041 377 4074 rem
391 4022 520 4092 arduam,
532 4047 587 4080 non
601 4033 676 4101 prius
687 4032 760 4082 facto
775 4032 910 4103 auspicio,
928 4031 957 4086 id
975 4044 1029 4099 est,
1045 4034 1136 4086 arium
1150 4035 1259 4106 inspec-
