2718 4594
330 274 565 346 AENEIDOS
589 275 742 339 LIBER
765 277 852 340 XII.
1048 277 1106 343 361

70 398 221 479 Quantus
233 396 350 476 Athos,
363 415 420 462 aut
432 414 574 486 quamue
586 399 685 486 Eryx,
698 416 759 462 aut
767 399 852 486 ipse,
866 399 1009 466 coruscis

70 502 184 583 Quum
196 503 306 567 fremit
319 503 461 582 ilicibus,
476 519 632 591 quantus,
646 502 833 592 gaudetque
844 505 944 570 nivali

70 609 204 676 Vertice
217 633 251 675 se
263 609 425 676 adtollens
437 627 531 698 pater
542 611 735 698 Apenninus
747 612 789 676 ad
800 635 905 677 auras.

69 718 146 782 ι111111
157 741 237 783 vero
250 737 282 784 et
293 720 407 784 Rutuli
419 721 581 797 certatim,
595 735 628 783 et
639 721 757 799 Troes,
771 738 804 784 et
816 744 931 787 omnes

69 825 272 888 Convertere
285 826 398 890 oculos
410 825 498 904 Itali,
512 825 637 914 quique
649 825 713 889 alta
725 825 881 892 tenebant
1071 839 1115 900 705

69 931 211 1010 Moenia,
224 931 349 1020 quique
362 932 445 996 imos
457 929 631 1018 pulsabant
642 930 744 995 ariete
756 955 884 1013 muros;

69 1037 237 1123 Armaque
250 1033 436 1123 deposuere
448 1035 594 1100 humeris
607 1059 614 1098 :
627 1052 738 1124 stupet
750 1038 821 1125 ipse
833 1038 983 1117 Latinus,

70 1140 232 1228 Ingentis,
247 1141 375 1228 genitos
388 1139 524 1205 diversis
537 1141 684 1229 partibus
697 1141 800 1221 orbis,

69 1233 161 1310 Inter
174 1268 209 1309 se
221 1246 337 1311 coiisse
350 1248 452 1326 viros,
467 1262 500 1309 et
511 1269 647 1311 cernere
660 1248 760 1311 ferro.

68 1353 180 1440 Atque
192 1350 253 1430 illi,
266 1367 303 1415 ut
315 1375 420 1416 vacuo
432 1369 611 1440 patuerunt
623 1375 757 1441 aequore
769 1352 891 1441 campi,
1072 1377 1117 1425 7¹⁰

71 1553 96 1588 et
110 1541 141 1587 al.
153 1568 184 1578 -
197 1559 249 1606 701·
262 1541 335 1589 Atlros
346 1542 432 1588 Medic.
446 1556 470 1590 et
481 1545 534 1601 alii;
550 1557 620 1610 atque
636 1548 669 1592 sic
684 1545 737 1592 Atd.
749 1563 796 1594 sec.
808 1558 831 1591 et
845 1555 898 1591 cett.
913 1544 943 1588 At
958 1553 1048 1589 veteres
1064 1538 1119 1586 edd.

69 1630 125 1660 cum
138 1615 245 1661 codicum
255 1617 342 1677 majore
353 1626 425 1675 parte¹
433 1615 527 1664 Athon:
544 1635 614 1680 quarn
625 1617 686 1664 male
698 1620 791 1666 Servius
802 1633 846 1680 pro
854 1631 907 1663 vera
920 1615 1021 1662 lectione
1034 1611 1119 1658 vendi·

70 1685 148 1740 tabat,
164 1698 238 1732 metro
255 1702 378 1748 perperam
396 1697 509 1733 metuens.
532 1691 571 1734 Est
589 1682 675 1739 Ἀθας.
692 1679 791 1736 'Monuit
811 1704 906 1752 quoque
927 1685 1076 1732 Benedictus.
1097 1690 1120 1726 et

68 1765 170 1819 quantus
180 1758 236 1819 Reg.
245 1782 277 1792 -
286 1757 338 1819 703.
350 1771 373 1801 se
384 1755 463 1804 tollens
475 1759 544 1805 Goth.
558 1772 610 1805 tert.
621 1785 652 1795 —
662 1762 715 1822 705.
728 1764 769 1823 qui
778 1759 824 1805 altu
834 1771 857 1806 et
868 1761 909 1823 qui
918 1761 973 1804 imos
981 1753 1080 1802 Dorvill.
1089 1776 1121 1787 -

70 1826 126 1888 706.
141 1825 198 1873 altos
217 1827 314 1873 Oudart.
331 1827 403 1890 abjete
418 1829 502 1875 Morct.
520 1847 607 1876 sec.—-
619 1831 672 1893 708.
693 1833 795 1894 lnqentes
807 1842 860 1876 ante
873 1831 951 1876 Heius.
967 1828 1027 1872 Turn
1039 1824 1122 1871 diversi

67 1897 173 1960 partibus
183 1898 243 1944 ortis
253 1900 357 1944 Maronis
374 1914 423 1945 mos
442 1900 551 1960 postulat.
569 1903 654 1963 Sitque
670 1903 719 1962 jam
731 1904 794 1962 conj.
807 1903 887 1946 lleins⁴
898 1925 930 1934 —
942 1915 994 1960 7⁰9·
1007 1896 1120 1940 111111111-

69 1970 141 2014 sianis
150 1979 173 2014 et
184 1971 262 2014 Burm.
274 1972 344 2014 coisse
353 1970 434 2014 vitiose
446 1985 586 2030 expressum.
598 1970 708 2014 Ceterum
717 1968 868 2015 memorabile
880 1965 1012 2028 exemplum
1021 1965 1060 2009 hic
1069 1979 1121 2009 rer·

70 2053 110 2084 sus
124 2038 203 2100 prodit
213 2037 327 2085 librorum
342 2039 367 2083 in
379 2038 524 2084 manifestam
539 2039 696 2101 corruptelam
712 2039 908 2101 conspirantium
925 2051 972 2098 quo
989 2035 1042 2097 quis
1055 2032 1120 2078 abuti

68 2112 145 2172 possit
156 2110 185 2155 ad
197 2111 357 2156 auctoritatem
375 2110 483 2155 codicum
502 2110 647 2157 elevandam.
663 2111 759 2172 Legitur
773 2113 835 2156 enim
851 2112 876 2155 in
891 2109 995 2153 Romano
1009 2107 1074 2168 juxta
1093 2118 1119 2148 ae

69 2179 193 2236 mediceo,
206 2183 263 2226 etin
275 2182 359 2225 ceteris
372 2181 484 2226 Pierianis
497 2192 520 2224 et
534 2182 666 2226 Heinaianis
677 2181 800 2236 omnibus,
809 2182 826 2224 it
838 2181 862 2223 in
873 2179 934 2234 Ert,
948 2177 1057 2223 advertus
1070 2187 1120 2218 me·

68 2262 148 2296 trum:
161 2253 220 2298 viros
231 2261 254 2297 et
263 2252 382 2298 decernere
391 2251 465 2315 ferro.
477 2255 544 2298 Unus
559 2265 608 2298 erat
625 2254 699 2309 Pien,
714 2269 787 2314 aquo
804 2252 883 2298 aberat
894 2260 928 2306 et,
938 2247 1003 2313 quod
1013 2258 1036 2292 et
1048 2243 1118 2290 Goth.

67 2336 116 2368 sec.
127 2323 248 2382 ignorabat
258 2339 311 2368 curn
319 2321 382 2379 aliis,
395 2339 454 2386 quos
465 2325 542 2370 Ursin.
554 2323 656 2379 viderat,
668 2324 709 2385 qni
720 2334 743 2368 et
754 2323 868 2368 Faemum
881 2324 913 2367 sie
925 2317 1059 2366 emendasse
1072 2328 1119 2362 tes-

67 2404 140 2438 tatur.
154 2395 289 2457 Sequuntur
305 2396 413 2441 codicum
430 2397 511 2441 vitium
528 2395 583 2441 edd.
600 2408 656 2442 vett.
662 2429 669 2451 ,
687 2407 799 2458 quantum
815 2395 897 2450 video,
912 2407 1004 2448 omnes,
1018 2389 1119 2452 exceptis

67 2466 110 2520 iis,
125 2481 177 2527 quae
193 2483 221 2512 ex
236 2468 326 2528 Egnatii
343 2469 479 2515 recensione
495 2470 555 2515 Ven.
580 2471 637 2531 ¹⁵⁰7
655 2468 777 2530 profectae,
789 2467 911 2530 inquibus
924 2462 1118 2512 etcemere:hoc

68 2537 140 2581 etiam
151 2537 192 2583 Ge.
202 2537 322 2585 Fabricius
333 2551 396 2585 recte
407 2541 516 2602 repetiit,
527 2539 630 2603 hincque
643 2539 691 2585 alii.
702 2541 868 2585 Auctoritatem
880 2537 967 2584 faceret
975 2538 1024 2598 jam
1037 2551 1080 2596 per
1094 2549 1119 2580 se

67 2608 124 2652 satis
133 2621 238 2668 magnam
248 2607 307 2652 ratio
318 2611 411 2669 poetica
422 2625 427 2654 :
439 2607 481 2654 sed
492 2624 583 2654 cemere
595 2611 665 2654 etiam
675 2609 751 2654 firmat
761 2611 849 2654 Seneca
862 2609 904 2668 Ep.
916 2607 958 2660 58,
970 2617 1020 2650 tum
1034 2603 1120 2661 Quinc·

67 2675 106 2723 til.
121 2689 144 2722 et
155 2678 279 2729 Priscian,
291 2688 349 2722 teste
366 2679 474 2734 Heinsio,
489 2681 596 2740 inprimis
608 2691 685 2724 autem
699 2679 803 2733 Servius,
819 2676 887 2722 docta
899 2679 923 2721 in
936 2678 993 2721 Nota
1007 2672 1037 2718 ad
1050 2671 1074 2716 h.
1087 2671 1118 2726 l.,
1135 2734 1138 2739 Ι

69 2747 159 2793 docens
169 2761 265 2807 quoque
279 2749 438 2807 posteritatem
450 2752 546 2810 caepisse
558 2748 649 2810 legere,
664 2757 687 2792 et
702 2748 835 2792 decentem:
846 2746 974 2790 secundum
987 2757 1056 2804 quam
1068 2737 1119 2784 lec-

68 2819 160 2862 tionem
171 2813 306 2875 tynaloepbe
324 2830 383 2876 opus
395 2831 444 2862 esse
462 2817 555 2863 excluso
571 2833 608 2872 os,
619 2829 646 2862 ut
657 2819 702 2861 sit:
714 2819 773 2860 inter
782 2831 806 2860 se
819 2817 897 2859 cor't'sse
907 2814 949 2858 vtr’
964 2820 988 2856 et
1003 2811 1120 2855 deterruere

59 2887 132 2952 ferro
141 2899 149 2928 .·
157 2900 180 2929 v.
190 2880 262 2929 babes
274 2899 373 2930 acumen
384 2889 557 2947 grammaticum
567 2891 593 2932 in
602 2888 682 2948 figuris
693 2884 903 2931 comminiscendis.
916 2896 939 2929 et
948 2895 1038 2928 cernere
1051 2881 1119 2924 ctiam

67 2976 83 3004 a
95 2973 127 3002 m.
144 2970 189 3001 sec.
206 2956 232 2998 in
248 2954 345 3000 Menrel.
364 2969 413 3003 erat
432 2958 588 3004 emendatum.
608 2961 663 3004 Post
678 2959 781 3003 virorum
795 2957 917 3002 doctorum
934 2952 1120 3000 observationem

68 3042 135 3072 nunc
149 3037 250 3080 constat,
262 3039 352 3070 cemere
359 3060 367 3082 ,
376 3023 453 3088 spirtu
463 3025 557 3090 11γῦ111,
569 3045 612 3090 pro
624 3029 764 3082 decernere,
774 3029 823 3088 jam
835 3028 910 3071 Ennio
921 3040 970 3072 etse
982 3024 1119 3084 frequenta-

69 3110 129 3144 tum.
145 3097 207 3144 conf.
217 3097 296 3142 Heius.
307 3096 338 3142 ad
346 3097 370 3144 b.
383 3096 400 3142 l.
409 3113 461 3143 cum
471 3099 546 3146 Corda
557 3112 580 3147 et
589 3102 667 3146 Burm.
678 3123 710 3134 -
720 3114 772 3161 7¹⁰·
783 3116 807 3161 p.
816 3096 908 3160 pulvere
918 3094 1006 3142 Zulicb.
1018 3110 1030 3138 a
1040 3108 1071 3138 m.
1081 3107 1117 3155 pr.

70 3265 144 3336 quod
157 3266 292 3320 efficacius
309 3266 452 3320 adsensus
469 3269 568 3339 impul·
612 3285 642 3320 or
652 3266 744 3332 Artas,
757 3261 935 3318 unremov’d:
953 3259 1003 3312 His
1020 3269 1117 3311 stature

68 3361 115 3396 sus
125 3358 172 3396 est.
183 3346 223 3398 Ne
234 3360 322 3399 autern
337 3348 395 3417 quis
410 3366 471 3398 oum
484 3346 568 3419 Spen-
613 3344 719 3398 reacb’d
735 3345 778 3397 tlte
794 3344 856 3415 ely,
869 3342 924 3394 and
941 3360 975 3392 on
995 3339 1035 3391 tis
1053 3349 1118 3391 erest

68 3427 112 3477 cio
124 3424 222 3496 Polym.
235 3445 263 3496 p.
277 3427 327 3493 248
342 3428 485 3480 simulacra
502 3427 568 3480 deo·
610 3427 658 3480 Sat
683 3427 785 3478 Horror
808 3421 920 3496 plum'd
948 3419 1045 3472 Parad.
1068 3417 1118 3471 lost

68 3524 130 3558 rum
142 3507 271 3556 montium
288 3511 386 3579 cogitet
399 3526 511 3561 moneo:
529 3509 567 3560 sic
613 3507 667 3572 lV,
688 3505 751 3575 984.
776 3505 841 3556 Cum
857 3500 955 3572 fremit
975 3512 1116 3551 ventorum

67 3596 126 3636 tota
137 3583 174 3632 vis
185 3595 211 3634 et
222 3579 318 3639 &ardete
326 3587 436 3655 poeticae
446 3587 568 3658 imaginis
612 3585 755 3656 procellis:
772 3583 835 3635 hinc
852 3595 878 3633 et
898 3597 1008 3632 corruere
1024 3579 1098 3631 ilices
1111 3618 1119 3644 ‚

69 3662 159 3736 perit,
173 3679 231 3731 quae
243 3660 344 3732 alioqui
355 3664 468 3716 multum
480 3684 512 3716 ex
524 3664 570 3716 illo
616 3667 736 3718 variante
762 3664 864 3716 variato
893 3661 1019 3712 arborum
1043 3671 1118 3710 motu

67 3741 168 3805 habet,
186 3740 259 3812 qu⁰d
280 3742 465 3806 ttioatrwm'dtt
484 3744 572 3797 dicere
616 3746 676 3798 luce
690 3758 717 3796 et
734 3743 837 3795 umbra.
855 3744 897 3796 sic
913 3741 1040 3812 suprad,
1059 3739 1117 3806 164.

69 3822 142 3874 licet.
151 3822 232 3872 Duxit
242 3819 305 3872 hinc
315 3821 443 3873 Miltonus
455 3824 573 3894 magnili-
615 3823 691 3880 silvis
708 3843 784 3876 scena
802 3822 920 3876 coruscis.
935 3851 969 3860 -
986 3836 1046 3890 709.
1065 3836 1118 3869 cer-

70 3920 132 3954 eum
141 3919 171 3953 ac
180 3901 292 3954 sublime
300 3901 367 3954 illud
377 3901 479 3954 Satanae
489 3902 572 3973 phan-
617 3921 693 3969 nem,
705 3901 865 3966 decernere,
877 3902 911 3954 cf.
925 3902 988 3954 Ver.
1000 3899 1073 3951 Lect¹
1083 3924 1118 3936 -

70 3993 169 4040 tasum:
178 3979 279 4038 ditaret
285 3983 366 4050 stood,
377 3982 441 4038 tite
451 3983 475 4040 Τ
473 3984 577 4056 eueriff
617 4001 677 4056 7¹⁰·
690 3982 865 4054 confir-696.
