2690 4596
389 283 452 348 au
474 275 786 349 utnaunxtt.
1045 283 1107 374 397

61 403 181 460 volebat
198 404 327 460 bloebseu
342 406 361 460 l.
379 425 420 473 c.,
433 409 480 479 qui
495 409 590 459 succus
609 419 648 459 est
665 409 782 460 Pauaces
800 406 935 473 Herculia,
955 407 1110 461 vulneribus

62 486 210 558 quondum
220 485 358 540 medendis
374 485 518 539 adhibitus.
535 489 607 539 Inter
622 487 761 539 fabulosos
778 501 867 539 tamen
884 505 977 540 succos
992 487 1111 543 πινάκια

60 567 123 633 jam
136 565 211 636 apud
222 565 414 618 Callimachum
425 568 458 617 ll.
471 568 499 618 in
510 565 629 636 Apolliu.
642 565 677 632 4ο
690 565 813 618 babetur.
826 567 881 618 Nec
898 567 992 620 dubito
1009 571 1063 621 sive
1076 569 1111 620 ab

62 642 133 712 boc,
144 648 200 700 sive
210 647 244 700 ab
257 647 310 700 alio
320 647 413 702 Graeco
420 660 502 718 poeta
508 649 647 699 Maronem
659 665 718 698 eam
730 665 788 701 esse
798 645 851 700 boc
861 665 940 702 sensu
950 662 1110 704 mutuatum.

517 829 658 847 ὴ

361 923 728 1048 ΕΧουΒευε
762 958 818 1047 v.

94 1151 244 1220 Censura
257 1177 386 1232 comm,
399 1180 473 1247 quoe
487 1159 521 1222 in
535 1155 689 1222 AEncidrs
701 1160 880 1225 oeconomia
892 1158 1086 1246 reprehendi

518 1280 661 1350 possunt.

102 1428 223 1481 AEueidis
236 1442 420 1503 argumentum
432 1441 459 1484 et
470 1446 614 1497 summam,
626 1449 728 1503 eaque,
742 1425 800 1502 que
811 1431 912 1502 passim
922 1448 939 1482 a
949 1431 1012 1484 viris
1024 1431 1111 1488 doctis

65 1525 130 1560 cum
143 1510 171 1561 in
183 1511 292 1584 siugulis
304 1511 441 1585 partibus,
458 1524 515 1564 tum
529 1511 562 1565 de
579 1512 655 1564 libris
667 1530 712 1565 sex
723 1511 933 1584 posterioribus,
950 1525 996 1566 aut
1008 1514 1041 1567 de
1054 1518 1113 1589 epis

64 1587 151 1642 sodiis
164 1605 190 1643 et
199 1591 265 1644 loeis
276 1594 412 1646 nonnullis
424 1595 527 1647 monita
542 1595 667 1660 fuerunt,
684 1596 795 1666 exposui
806 1596 834 1645 in
851 1595 910 1664 ipsa
926 1598 1111 1666 enarratione,

66 1675 262 1743 opportunius,
277 1693 357 1746 quam
367 1676 389 1727 si
401 1693 434 1726 ea
444 1693 498 1727 uno
513 1675 574 1726 loco
590 1674 725 1727 cumulare
735 1675 886 1727 voluissem.
899 1674 1020 1728 Aliorum
1031 1681 1114 1731 ratio·

65 1771 130 1806 uem
149 1755 212 1806 satis
228 1754 353 1809 idoneam
369 1754 481 1809 reddere
500 1755 565 1808 mibi
581 1757 653 1807 visus
672 1774 745 1821 sum,
764 1755 816 1808 alia
833 1755 867 1807 ad
881 1758 966 1808 fatum
976 1759 1112 1825 AEueidis,

65 1843 198 1902 tauquam
211 1834 300 1906 operis
313 1832 407 1888 ultima
415 1853 497 1886 manu
507 1833 581 1886 haud
594 1834 728 1900 absoluti,
741 1833 837 1899 retuli,
852 1833 905 1886 alia
916 1833 1026 1889 humaui
1037 1839 1113 1910 iuge·

64 1911 105 1964 nii
117 1913 294 1966 imbecillitati
306 1913 485 1966 condonanda
496 1931 553 1966 esse
566 1913 628 1965 dixi.

102 1992 200 2046 crater
211 1992 268 2046 bec
277 2005 367 2046 tamen
378 2006 440 2046 sunt
451 1991 597 2056 nonnulla,
611 2010 669 2064 qua
682 1991 777 2060 judicii
793 1987 916 2054 laudem,
934 2008 990 2062 qua
999 1994 1113 2046 maxime

64 2072 206 2127 Maronem
220 2073 348 2128 excellere
364 2091 433 2145 sepe
447 2073 620 2145 pronuntiavi
636 2071 705 2144 (vid.
720 2073 836 2143 Disquis.
851 2071 906 2141 ll),
923 2070 997 2124 baud
1015 2092 1112 2145 parum

65 2151 214 2208 obscurare
227 2153 364 2219 videntur,
380 2171 461 2224 quum
471 2151 554 2204 modo
563 2151 753 2222 probabilitate
763 2149 956 2217 destituantur,
969 2152 1051 2205 modo
1065 2171 1112 2206 ra·

64 2233 136 2284 tioni
148 2251 235 2284 rerum
247 2252 279 2286 ac
293 2245 460 2305 temporum,
477 2231 600 2304 adeoque
617 2232 723 2284 veritati
741 2229 887 2295 historicae,
904 2244 1061 2304 repugnent.
1075 2233 1112 2284 Ut

64 2310 221 2382 diligentius
235 2331 268 2364 ea
280 2323 468 2378 retractarem,
485 2313 569 2363 movit
580 2329 623 2364 me
634 2311 756 2383 inprimis
768 2310 849 2362 missa
860 2327 947 2380 nuper
959 2308 993 2362 ad
1007 2329 1049 2363 me
1060 2312 1113 2363 viri

65 2392 237 2458 amicissimi,
248 2394 342 2446 Jacobs·
356 2396 475 2465 Bryant,
490 2405 567 2445 acute
583 2393 684 2462 scripta
695 2389 846 2443 dissertatio
859 2389 892 2442 de
904 2389 946 2444 bis
957 2392 1036 2463 ipsis,
1051 2409 1111 2464 que

64 2473 96 2522 in
105 2470 216 2522 AEneide
227 2471 297 2525 male
309 2475 455 2526 constituta
466 2483 536 2524 suut.
549 2470 688 2524 Subtiliter
699 2469 761 2536 ille,
776 2471 825 2522 etsi
840 2468 898 2522 aliia
910 2468 945 2523 de
957 2471 1071 2540 caussis,
1084 2481 1113 2522 et

64 2551 103 2604 ab
115 2550 174 2604 aliis
185 2553 323 2624 principiis
334 2555 489 2626 profectus,
502 2565 533 2604 ut
543 2551 624 2604 fidem
632 2552 808 2622 Trojanarum
818 2569 907 2604 rerum
916 2551 1110 2618 labefactaret,

63 2631 236 2703 investigavit
247 2651 294 2697 ea,
305 2633 333 2684 in
346 2631 443 2702 quibus
458 2644 504 2684 aut
514 2631 596 2683 iidem
608 2631 764 2684 historicam
779 2643 824 2682 aut
835 2629 1052 2701 probabilitatem
1065 2630 1111 2684 de·

65 2708 177 2762 siderea.
189 2710 232 2762 Ad
247 2708 303 2764 bac
312 2712 497 2782 potissimum,
508 2721 565 2762 tum
574 2708 608 2761 ad
621 2709 675 2761 alia
684 2709 785 2781 passim
794 2725 809 2758 a
818 2709 882 2758 viris
893 2706 980 2758 doctis
990 2707 1112 2759 animad-

64 2807 161 2854 versa,
173 2802 296 2862 respectu
307 2788 400 2841 babito
415 2789 559 2841 recensebo
570 2789 694 2858 potiora,
708 2806 739 2838 ac
748 2785 863 2851 videbo,
881 2784 947 2855 quid
955 2787 984 2836 iu
997 2786 1109 2857 siugulis

66 2881 117 2924 aut
129 2870 322 2936 excusandum,
336 2881 382 2922 aut
393 2866 610 2933 defendendum,
623 2879 670 2919 aut
681 2864 865 2918 damnandum
880 2863 966 2916 videri
978 2867 1072 2935 possit.

104 2949 253 3021 Antequam
268 2967 331 3002 vero
344 2947 379 3002 sd
390 2947 495 3020 singula
506 2946 685 3010 descendam,
697 2944 832 2998 monenda
843 2957 904 2996 suut
916 2945 1112 3000 nonnullauni-

67 3049 158 3097 verse,
172 3049 228 3102 qua
238 3029 409 3100 adjudicium
419 3028 493 3082 bisce
503 3027 625 3082 derebus
637 3027 777 3080 ferendum
788 3026 877 3078 facere
888 3038 1009 3098 possunt.
1018 3025 1111 3079 Fidem

67 3111 224 3164 historicam
243 3123 270 3163 et
292 3109 509 3180 probabilitatem
529 3126 618 3160 rerum
636 3106 671 3159 ad
687 3105 767 3158 fidem
786 3103 907 3156 fictarum
927 3121 982 3156 uon
999 3121 1111 3176 prorsus

68 3189 165 3242 iisdem
176 3189 272 3242 fluibus
282 3191 382 3255 teneri,
395 3207 412 3241 a
423 3187 512 3240 multis
524 3188 653 3240 monitum
666 3198 722 3239 est:
737 3201 847 3238 evenere
857 3182 956 3248 multa,
974 3199 1031 3252 qua
1044 3201 1111 3254 pro·

69 3271 236 3326 habilitatem
251 3289 306 3324 nou
322 3270 438 3334 babent;
453 3281 514 3322 suut
527 3268 580 3322 alia
597 3266 764 3339 probabilia,
776 3283 833 3335 quas
849 3263 908 3336 ipso
925 3273 1021 3315 eventu
1036 3280 1112 3314 coru·-

70 3351 185 3424 probata
195 3369 251 3404 nou
262 3364 332 3404 suut.
344 3351 444 3416 Porro,
455 3350 484 3401 iu
495 3346 686 3422 probabilitate
697 3345 852 3416 fingentium
862 3341 897 3394 ad
906 3340 1112 3396 delectationem

70 3451 127 3485 uon
139 3432 233 3486 tamid
245 3433 343 3505 quaeri,
360 3451 424 3484 num
439 3430 506 3483 nihil
523 3428 647 3483 alicunde
658 3427 719 3480 elici
732 3425 833 3497 possit,
850 3422 924 3495 quod
939 3439 1025 3474 rerum
1039 3423 1112 3476 ordi-

70 3533 132 3568 nem
143 3524 170 3566 et
182 3512 292 3565 modum
301 3525 416 3574 evertat3
433 3513 471 3564 ita
482 3511 553 3562 euim
562 3509 648 3560 omnis
662 3506 768 3560 sublata
781 3514 850 3556 esset
863 3514 889 3555 et
900 3499 972 3552 fictio
989 3513 1016 3552 et
1033 3520 1065 3553 ex
1078 3521 1112 3556 ea

73 3594 231 3648 delectatio:
248 3613 339 3647 verum
358 3605 388 3644 ut
406 3591 472 3643 uibil
489 3593 538 3657 sit,
555 3589 629 3663 quod
640 3588 751 3661 legenti,
763 3583 808 3637 vel
825 3580 944 3637 audienti
956 3596 1111 3650 succurrat,

74 3677 241 3748 scriptorisve
252 3676 318 3727 vitio
330 3673 488 3742 objiciatur,
504 3669 577 3743 quod
589 3669 733 3723 admouere
744 3667 846 3738 possit,
859 3661 982 3716 fraudem
993 3662 1035 3714 bis
1046 3664 1112 3716 sub-

74 3773 147 3820 esse,
158 3773 210 3806 uec
218 3753 287 3818 hoc,
301 3769 354 3824 quo
366 3751 515 3821 expositum
526 3761 601 3814 erat,
617 3747 751 3799 madores
764 3755 810 3796 aut
824 3753 912 3814 gestas
924 3757 981 3793 ease
993 3753 1039 3792 aut
1053 3744 1110 3813 geri

74 3836 199 3909 potuisse.
210 3831 320 3883 Nullum
330 3827 410 3881 facile
420 3839 459 3880 est
471 3839 517 3880 aut
526 3845 583 3880 esse
593 3837 682 3898 potest
690 3823 770 3876 ullius
780 3823 882 3894 operis,
892 3817 966 3891 quod
974 3820 1113 3890 ingenium

75 3916 218 3969 humanum
229 3910 348 3983 peperit,
358 3908 478 3978 inprimis
490 3907 560 3978 epici
573 3905 616 3958 vel
628 3902 784 3971 montensi,
796 3911 980 3973 argumentum
992 3899 1030 3949 ita
1040 3915 1110 3949 eorn-

71 4005 212 4076 paratum,
223 3991 289 4064 quin
300 3987 381 4046 insint
392 3985 539 4059 nonnulla,
549 4003 607 4061 qua
618 4004 669 4046 nec
680 3982 878 4050 tractaribeue,
883 3998 934 4036 uec
941 3995 1044 4032 summa
1053 3989 1115 4032 arte.
