2718 4594
262 252 326 334 3⁶4
511 255 546 316 r.
570 253 802 317 vracrsn
825 252 1059 319 1111101111

263 377 390 442 Emicat
401 375 469 456 hic,
483 378 607 466 inpune
620 393 753 466 putans,
768 393 801 440 et
812 399 951 465 corpore
963 393 1037 442 toto

263 484 336 546 Alte
349 483 514 548 sublatum
527 484 696 570 consurgit
706 485 841 548 Turnus
853 483 887 546 in
900 506 1028 562 ensem,

264 589 305 652 Et
318 589 412 652 ferit:
427 590 608 654 exclamant
619 591 739 668 Troes,
753 588 940 676 trepidique
954 589 1078 668 Latini,

263 694 478 786 Adrectaeque
491 697 664 762 amborum
676 698 762 762 acies
775 720 781 758 :
794 712 827 760 at
839 695 988 784 perfidus
1002 696 1091 760 ensis

264 803 449 890 Frangitur,
464 805 496 866 in
510 803 689 892 medioque
702 802 874 867 ardentem
887 801 1010 866 deserit
1021 803 1107 881 ictu3

263 908 305 970 Ni
317 909 394 995 fuga
406 909 554 974 subsidio
567 909 682 974 subeat
694 933 701 971 ε
716 910 800 996 fugit
812 910 904 973 ocior
916 909 1020 986 Euro,

264 1013 309 1076 Ut
320 1015 476 1103 capulum
488 1017 637 1103 ignotum
650 1013 865 1102 dextramque
877 1012 1028 1100 adspexit
1039 1014 1223 1076 inermem.

263 1199 369 1246 Parrbaa.
382 1211 405 1246 et
417 1201 486 1246 Goth.
497 1215 543 1246 aee.
556 1216 582 1246 ac
594 1211 647 1246 tert.
660 1200 758 1244 Possunt
769 1197 795 1244 hi
808 1197 884 1243 videri
897 1197 928 1242 ad
941 1200 1015 1244 Servii
1027 1196 1165 1258 exemplum
1179 1199 1317 1258 interpreta-

262 1272 350 1317 tionem
363 1273 501 1328 instituisse,
512 1275 591 1334 sicque
602 1271 676 1316 edidit
688 1269 862 1331 Cuninghamus
874 1286 902 1314 ex
912 1269 976 1314 lluls.
990 1281 1013 1314 et
1023 1271 1102 1314 Nonio
1113 1285 1139 1330 p.
1156 1285 1215 1330 177,
1228 1269 1318 1314 laudato

263 1342 393 1389 Castalioue
404 1345 469 1390 otm.
483 1346 539 1391 Dec.
552 1345 596 1398 111,
607 1359 629 1404 9.
645 1343 725 1388 Monet
737 1353 814 1388 tamen
827 1341 930 1388 essehoc
942 1342 1104 1396 durissimum,
1115 1342 1201 1404 quod,
1214 1343 1241 1386 in
1253 1341 1318 1398 Quem

263 1414 355 1459 damnet
369 1415 557 1462 substituendum
569 1417 599 1460 ait
613 1419 672 1468 uoti‚·
686 1414 796 1476 quodque
814 1412 877 1458 babor
887 1417 917 1459 sit
928 1416 1012 1469 virtus,
1025 1429 1077 1476 quae
1092 1412 1197 1460 alterum
1210 1417 1317 1460 victorem

263 1483 354 1530 reddat.
368 1487 466 1543 Nescio,
483 1502 512 1532 an
524 1486 649 1548 procedat,
664 1487 748 1548 siquis
764 1479 791 1530 fri
809 1483 872 1530 labor
886 1488 919 1530 sic
937 1497 1027 1530 sumat:
1048 1486 1122 1543 Quem
1137 1487 1248 1540 damnet,
1262 1484 1317 1531 tabor

263 1566 297 1600 eat
305 1556 358 1600 lovi
363 1588 371 1609 ‚
383 1553 473 1600 laborat
484 1557 588 1617 Jupiter,
599 1556 703 1610 dubitat,
714 1553 841 1611 deliberat,
853 1555 924 1613 Quem
934 1555 1026 1600 damnet
1034 1558 1042 1613 (
1050 1554 1116 1612 leto)
1126 1563 1152 1599 et
1159 1572 1209 1618 quo
1222 1568 1266 1600 etc¹
1277 1553 1316 1599 Sed

263 1625 311 1670 rid.
322 1627 375 1670 Not.
386 1651 417 1661 —
426 1627 478 1688 728.
494 1625 534 1672 hac
545 1626 659 1672 Montalh.
673 1625 713 1671 hoc
726 1625 823 1672 Dorvill.
836 1644 848 1671 a
860 1643 891 1671 m.
905 1643 950 1673 sec.
963 1630 1054 1689 impune
1065 1630 1155 1670 micans
1164 1625 1259 1672 Zulicb.
1269 1642 1315 1671 ccr-

263 1712 317 1759 pcre
328 1705 389 1742 tanto
398 1699 476 1759 Sprot.
486 1724 518 1735 -
528 1699 580 1761 731.
591 1703 650 1744 acies
659 1699 776 1743 amborum
787 1701 861 1762 bigot.
869 1717 875 1755 ;
884 1699 947 1745 idem
959 1715 1012 1744 cum
1024 1697 1105 1743 multis
1113 1714 1157 1753 ac,
1170 1700 1243 1744 etiam
1254 1696 1315 1742 Goth.

263 1783 308 1814 aec.
321 1777 350 1813 et.
360 1793 391 1804 —
401 1769 453 1830 732.
466 1786 510 1835 que
522 1771 601 1816 aberat
612 1785 658 1816 sec.
669 1770 752 1816 llamb.
767 1773 790 1815 t'u
801 1771 873 1815 medab
885 1771 1009 1816 turdeutem
1023 1769 1112 1815 Medic.
1129 1786 1143 1814 a
1159 1785 1193 1813 m.
1207 1786 1243 1831 pr.
1254 1771 1315 1813 mmm

262 1838 327 1884 Rom.
343 1852 367 1886 et
378 1840 467 1904 aliquot
477 1844 536 1888 Picr.
547 1845 601 1888 Post
615 1842 678 1888 bunc
687 1857 780 1889 vertum
790 1844 815 1886 in
825 1841 968 1888 Zulicbemio
978 1841 1123 1904 sequebatur
1135 1855 1221 1888 versus
1234 1842 1315 1901 imper-

261 1909 347 1958 lectus:
357 1911 536 1977 Quidsuperesff
541 1913 606 1960 Vidit
613 1913 702 1960 scilicet
708 1912 801 1976 aliquis,
811 1913 849 1960 bic
859 1913 939 1960 deesse
947 1913 1037 1976 aliquid
1046 1915 1174 1960 sententiae
1187 1910 1312 1974 explenda.
1336 1891 1337 1974 l

261 1979 315 2026 vide
329 1982 419 2028 uotam.
429 2009 460 2020 -
471 1985 524 2048 733.
538 1987 600 2032 ocior
611 2000 669 2030 auro
679 1986 755 2046 Sprot.
768 2009 799 2018 -
809 1983 861 2045 734.
874 1987 967 2029 inertem
978 1983 1060 2039 Leid,
1072 1994 1195 2045 perpetua
1211 1982 1311 2026 varietas-
1336 2035 1337 2040 ¹

228 2183 232 2190 ¹
262 2128 435 2197 reprehensio
454 2133 625 2186 Grammatici
648 2147 687 2186 est
709 2153 764 2184 non
810 2151 861 2203 que
874 2129 1191 2203 expectationem,quod
1200 2149 1236 2180 ne
1248 2143 1310 2178 nunc

264 2208 371 2277 inepta,
386 2212 513 2276 interea,
531 2215 559 2272 in
576 2215 672 2284 quibus
687 2215 763 2266 Mero
810 2211 918 2282 quidem
927 2213 1011 2262 Turni
1023 2213 1082 2263 fata
1091 2211 1196 2261 exitum
1208 2209 1309 2269 habent,
1336 2217 1337 2265 l

262 2287 431 2352 Homericam
442 2295 605 2361 majestatem
614 2313 668 2362 non
676 2313 762 2365 aequa-
808 2290 856 2342 sed
864 2290 898 2342 ad
905 2310 1002 2342 novam
1011 2307 1132 2361 pugnam
1142 2288 1307 2339 differuntur.

262 2366 342 2429 verit,
353 2385 409 2418 esse
422 2383 448 2420 et
457 2369 524 2430 hoc,
538 2372 611 2441 quod
621 2387 682 2444 post
692 2393 759 2426 vers.
806 2400 840 2408 -
848 2372 906 2439 732.
921 2370 1057 2422 Sententia
1067 2371 1244 2440 imperfecta.
1256 2370 1308 2418 Post

266 2445 507 2518 149.150,quurn
521 2453 691 2504 manifestum
704 2473 761 2523 qam
805 2449 876 2502 hunc
888 2469 995 2508 versum
1008 2451 1098 2502 animo
1111 2449 1305 2520 supplendum:
1335 2493 1336 2502 ,

262 2523 347 2592 esset',
361 2525 481 2579 Turnum
492 2530 584 2601 utique
597 2533 760 2600 periturum,
806 2543 832 2581 et
846 2531 955 2582 inermis
967 2531 1005 2582 sic
1017 2529 1130 2580 relictus
1143 2529 1253 2579 Turnus
1267 2545 1307 2597 pe·
1335 2513 1336 2535 ¹

262 2620 321 2654 sero
332 2615 420 2656 tamen
426 2606 533 2677 Jupiter
540 2607 592 2678 ipse
601 2613 665 2662 duas
674 2628 761 2683 oequa·
806 2611 893 2662 riisset
909 2612 1018 2681 utique,
1033 2611 1062 2660 ni
1075 2611 1142 2680 fuga
1155 2609 1210 2660 sibi
1222 2625 1308 2659 consu·
1334 2671 1335 2674 Ἴ

262 2691 288 2732 to
297 2683 411 2753 pondere
424 2683 509 2738 lances
520 2687 636 2740 Sustinet
647 2703 697 2742 etc.
710 2692 762 2743 Ad·
806 2689 906 2742 luisset.
929 2691 967 2742 Ni
979 2690 1052 2762 fuya
1066 2688 1185 2740 subsidio
1207 2689 1305 2752 subeat,

262 2760 301 2814 dit
314 2761 385 2816 idem
397 2763 469 2816 bono
481 2785 541 2818 cum
552 2766 654 2836 judicio
667 2791 672 2819 :
687 2793 697 2816 u
710 2770 761 2824 Sed
806 2781 895 2838 potest
904 2768 1007 2840 duplici
1015 2767 1097 2818 modo
1106 2765 1247 2838 expediri:
1258 2778 1305 2830 aut

260 2839 318 2894 haec
339 2855 365 2895 et
385 2844 437 2896 alia
454 2847 617 2918 ignoscenda
633 2850 761 2922 Virgilio,
806 2861 835 2900 ut
843 2851 939 2921 jungas
949 2847 1063 2901 subsidio
1074 2847 1179 2912 subire,
1194 2845 1305 2898 subsidio

262 2923 502 2992 qui,stndiicirca
517 2928 660 2978 Homerum
671 2931 762 2982 nimie·
807 2931 912 2994 venire,
932 2945 1007 2988 esse;
1031 2938 1078 2978 aut
1098 2927 1169 2990 nisi,
1193 2926 1224 2977 id
1242 2923 1304 2996 quod

260 3015 315 3056 tate
326 3003 429 3056 excedit
440 3005 578 3058 modum.»
593 3008 691 3060 Saltem
702 3010 761 3064 Ma·
806 3004 1305 3077 auxilio,subsidio,fuit‚fugaecogi·
1333 2991 1334 3038 l

261 3102 292 3134 ro
300 3082 384 3135 morte
392 3084 535 3155 impeditus
542 3086 700 3156 phantasma
708 3088 760 3141 hoc
805 3087 871 3138 tatio
889 3085 1014 3136 subiisset
1028 3085 1086 3154 ejus
1104 3084 1209 3134 animo.
1230 3084 1305 3154 Capu-

261 3165 397 3234 poeticum
419 3183 474 3216 non
495 3167 558 3218 satis
578 3185 639 3218 cum
657 3168 760 3238 reliqua
804 3164 860 3216 lum
874 3164 995 3216 mutilum
1009 3160 1091 3232 (uotis
1110 3159 1166 3230 δόρυ
1190 3164 1303 3220 Iliada,
1332 3157 1333 3224 l

262 3243 386 3294 carminis
396 3246 547 3296 oeconomia
555 3247 757 3318 coagmentavit.
808 3245 871 3316 117)
884 3245 1003 3317 iqnotum
1013 3242 1094 3308 dixit,
1109 3245 1244 3314 quoniam
1254 3244 1303 3296 alie

296 3321 355 3388 728.
373 3320 481 3392 impune
497 3334 595 3394 putans
608 3325 636 3376 id
650 3327 701 3377 sibi
717 3327 760 3378 fu·
803 3345 884 3391 num,
896 3343 952 3376 uon
964 3341 1058 3390 suum,
1076 3323 1125 3376 sed
1142 3325 1268 3390 Metisci,
1282 3335 1302 3374 ut

260 3409 364 3458 turum;
384 3412 441 3450 tuto
463 3419 491 3452 se
512 3402 647 3454 illaturum
667 3406 757 3456 ictum.
804 3405 893 3456 statim
924 3403 1034 3473 exponit
1063 3402 1195 3454 disertius
1225 3417 1300 3475 poeta.

259 3480 391 3549 consumit
402 3498 460 3551 sup.
471 3483 520 3549 xl,
534 3483 592 3548 184.
607 3496 720 3555 quatatus
731 3486 759 3537 iu
802 3487 871 3538 Nam
884 3487 1002 3536 cinxerat
1013 3482 1059 3534 ille
1077 3482 1213 3553 quidem,
1234 3499 1300 3556 quun

254 3552 374 3623 'clipeum
386 3572 525 3631 consumat
533 3580 582 3632 pro
592 3563 760 3636 insurgat-
803 3567 885 3618 exiret
900 3563 934 3616 ad
952 3580 1091 3634 pugnam,
1111 3581 1211 3615 ensem
1228 3561 1300 3615 Dami

260 3632 320 3699 731.
332 3635 432 3687 Ductus
445 3657 522 3690 casus
533 3659 563 3693 ex
575 3641 686 3708 Iliad-y.
697 3643 758 3711 363,
802 3648 886 3718 patris
904 3645 943 3716 (v.
963 3662 1021 3714 sup.
1042 3642 1096 3694 hoc
1117 3643 1170 3695 lib.
1185 3647 1229 3716 89.
1245 3645 1299 3716 90);
1330 3707 1331 3710 Ἴ

261 3709 307 3760 ubi
319 3711 434 3764 Menelai
446 3718 544 3786 ictum,
565 3738 619 3790 quo
636 3722 758 3776 Paridem
802 3725 851 3778 sed
862 3742 939 3788 mox,
957 3740 989 3774 eo
1002 3721 1150 3792 deposito,
1173 3724 1211 3776 ad
1226 3723 1300 3775 foedus

260 3789 342 3859 petit,
356 3791 447 3844 similis
459 3797 568 3850 fortuna
580 3799 671 3852 eludit.
683 3803 758 3854 Facit
802 3806 859 3856 ibat
870 3806 898 3855 in
910 3803 993 3874 bigis,
1004 3799 1074 3853 Bina
1084 3820 1176 3854 mauu
1191 3801 1246 3856 lato
1256 3802 1301 3854 cria

261 3882 349 3922 autem
361 3887 457 3924 novam
467 3876 640 3948 voluptatem,
648 3900 758 3936 novam·
799 3903 867 3955 pant
884 3879 989 3940 hastilia
1000 3879 1077 3952 ferro
1095 3899 1187 3958 supra
1201 3903 1240 3940 rs.
1254 3879 1298 3938 165.
