2690 4596
213 259 277 352 loli
595 257 868 336 DtALOGUSJ

212 408 253 466 tu
281 395 474 467 desiderari
504 393 644 492 aliquid
679 411 760 492 post
794 393 1059 467 duodecimum·
1089 389 1263 468 AEneidos

213 507 370 581 librum?
385 514 517 582 Nonne
533 515 748 582 sententiam
760 507 856 580 hanc
873 503 1059 610 explosam
1070 529 1105 583 et
1117 518 1261 584 irrisam

210 624 355 722 jamdiu
371 623 522 697 novisti?
535 626 637 720 Quid
652 629 749 697 enirn
760 625 828 697 sibi
842 626 1051 696 canendum
1067 632 1261 725 proposuit
1331 621 1332 636 ¹

214 743 254 812 in
271 766 357 812 vero
374 743 552 814 Poematis
570 739 720 812 exordio
740 756 825 812 tuus
840 739 901 812 ille
914 742 1142 814 Mantuanus
1162 741 1264 814 olor?
1329 725 1332 826 l

177 927 180 932 ,
215 854 357 927 Scilicet
374 879 474 927 arum
488 861 671 956 virumque
687 855 882 953 Trojanum
892 857 994 927 Latio
1003 856 1097 928 Deos
1114 858 1264 954 inferen-

215 969 306 1040 tem?
321 974 454 1070 Nonne
470 972 629 1042 vidimus
648 973 804 1058 AEnean,
827 972 973 1058 virtute,
996 975 1133 1069 pioque
1149 971 1263 1042 simul

213 1103 248 1157 et
266 1086 352 1157 forti
373 1090 498 1158 animo
518 1099 763 1185 praestantetn‚
786 1081 830 1156 ab
849 1090 918 1158 oris
941 1085 1060 1184 Trojae
1080 1113 1145 1183 per
1161 1085 1264 1157 mille
1331 1125 1332 1180 ς

213 1206 373 1273 marium
383 1201 641 1300 bellorumque
650 1199 812 1298 pericula
821 1200 934 1272 Itattoe
949 1199 1119 1271 litoribus
1135 1200 1264 1300 appul-
1331 1187 1332 1234 Ὗ

214 1337 313 1406 sum,
343 1333 376 1388 et
401 1318 540 1388 dautem
563 1331 624 1386 sud
649 1321 793 1387 numina
817 1315 1145 1387 Latio'considere?
1170 1319 1264 1410 Quis

214 1459 316 1503 nunc
329 1436 492 1504 Deorum
504 1430 561 1502 vel
576 1430 775 1502 bominum
791 1427 966 1501 obstaret?
979 1431 1080 1501 Juno
1091 1431 1170 1528 jam
1185 1457 1265 1502 non
1331 1509 1332 1516 χ

213 1562 350 1618 exercet
367 1573 531 1618 memores
547 1552 630 1631 irus;
648 1552 737 1616 victu
757 1544 910 1645 quidem,
932 1571 1138 1646 puqnasque
1160 1573 1265 1618 exosa

213 1659 351 1761 reliquit
372 1661 476 1754 (AEn.
494 1658 557 1730 lib.
573 1655 656 1746 XII,
677 1685 709 1729 v.
728 1659 797 1730 818
810 1657 834 1754 ).
858 1659 937 1757 Ipse
950 1658 1117 1748 Turnus,
1139 1686 1264 1732 coram

213 1773 358 1846 Rutulis
372 1773 519 1872 supplex
538 1791 572 1845 et
592 1771 744 1860 humilis,
763 1799 799 1844 se
815 1778 955 1845 victum
972 1774 1177 1863 confessus,
1197 1801 1266 1847 suo

212 1893 343 1962 tictori
358 1890 546 1962 clamavit:
565 1921 579 1952 ιι
596 1889 678 1960 Tuo
694 1905 739 1960 est
753 1891 899 1961 Lavinia
917 1893 1060 1989 conjux.
1073 1923 1087 1952 s>
1103 1892 1266 1986 (AEneid.

214 2006 277 2078 lib.
296 2007 379 2096 ΧΠ,
397 2033 427 2078 v.
448 2006 553 2105 937.)
567 2007 734 2104 Denique
748 2005 869 2076 nodus
884 2005 1056 2078 AEneidos
1073 2007 1181 2104 dipno
1195 2012 1268 2078 oiu-¹

157 2121 167 2136 '
215 2123 290 2193 dice
304 2120 445 2194 solutus
461 2137 521 2193 est.

263 2239 316 2306 lta
330 2236 532 2332 perfectum
545 2240 656 2334 igitur
666 2251 699 2306 et
709 2221 921 2307 absolutum
931 2259 1004 2306 esse
1017 2225 1268 2334 Virgilianum

214 2373 300 2447 epos
315 2347 487 2438 arbitror,
503 2367 544 2420 ut
558 2355 626 2448 ipsi
641 2350 736 2421 nihil
753 2351 861 2450 adjici
879 2375 998 2448 posse,
1014 2349 1111 2421 nihil
1125 2351 1267 2423 detrahi

215 2463 492 2552 affirmaverim,
509 2467 538 2536 si
555 2466 815 2537 tantummodo
833 2482 945 2538 artem
960 2469 1196 2564 exquisitam,
1213 2472 1269 2538 in²

215 2597 322 2652 venta
345 2585 383 2650 in
407 2582 662 2650 Romanorum
686 2580 834 2663 laudem
858 2580 1054 2671 miracula,
1078 2598 1114 2652 et
1136 2582 1269 2680 judicii

215 2700 404 2767 sanitatem
423 2699 656 2793 spectaveris:
681 2700 796 2768 immo
814 2701 921 2768 etiam
936 2695 1156 2794 profitebor,
1174 2696 1270 2769 nihil

201 2799 255 2882 ‘in
276 2809 336 2882 -his
361 2811 525 2908 partibus
549 2835 638 2882 curn
659 2813 813 2883 Marone
837 2811 1163 2910 aequiparandum,
1192 2838 1271 2884 non

215 2929 338 3022 ipsum
353 2924 485 2996 Iliados
496 2924 741 3015 conditorem;
757 2949 917 3024 namque
931 2931 961 2996 si
974 2919 1150 2997 dimidios
1164 2951 1272 3025 quos·

217 3042 302 3112 dam
313 3065 436 3111 versus
451 3045 645 3138 exceperis,
660 3045 699 3112 in
709 3045 893 3140 integrum
904 3058 999 3113 certe
1009 3043 1272 3136 restituendos,

209 3160 383 3252 quamvis
403 3155 505 3227 aliter
526 3160 674 3230 senserit
695 3160 752 3226 vir
772 3161 875 3228 omni
900 3156 1020 3255 elogio
1043 3157 1182 3256 dignus
1206 3160 1273 3254 (ι),

215 3293 327 3366 quem
348 3275 547 3341 extinctum
567 3275 668 3341 oc'ius
690 3269 817 3369 lugent
835 3293 920 3342 cum
940 3262 1082 3342 Phoebo
1103 3287 1138 3342 et
1158 3263 1274 3342 Musis

154 3399 161 3408 ’
215 3389 343 3478 primae
364 3383 569 3454 Galliarum
586 3384 804 3474 Academiae;
828 3388 856 3456 si
877 3381 1084 3454 nonnullos
1107 3390 1273 3457 omiseris

215 3500 322 3566 variis
346 3489 641 3596 locis'repetitos,
668 3516 732 3570 aut
756 3503 916 3570 nimium
942 3502 1037 3568 inter
1061 3523 1101 3570 se
1124 3499 1271 3588 affines,

250 3739 290 3810 (ι)
302 3743 428 3808 Quirinus
440 3747 565 3800 Visconrr
578 3767 632 3800 non
645 3749 725 3802 semel
743 3749 809 3801 mihi
821 3749 901 3812 dixit,
920 3747 970 3818 bos
983 3766 1096 3815 versus,
1111 3767 1184 3821 quos
1198 3763 1272 3823 puta·

214 3831 273 3869 nius
287 3821 472 3889 imperfectos,
487 3845 519 3877 ea
530 3838 617 3880 mente
631 3831 799 3899 conscriptos
810 3849 826 3881 a
834 3841 915 3900 poeta
927 3829 1024 3892 fuisse,
1037 3841 1067 3878 ut
1078 3845 1188 3882 novum
1198 3831 1271 3883 metri

209 3913 298 3970 ‘genus
311 3898 416 3950 vatibus
428 3907 510 3972 epicis
526 3906 662 3976 additum,
679 3909 871 3981 expeditiorem
885 3909 1026 3978 minusque
1040 3907 1201 3964 sollennem
1213 3909 1273 3963 scri·

214 3973 297 4025 bandi
309 3975 418 4028 modum
429 3980 541 4034 facetet.
