2736 4598
14 1627 31 1710 '‘³⁶'‘-
17 1596 21 1623 -
20 1541 22 1549 —
20 1521 23 1532 -
27 1466 29 1474 -

25 1707 32 1742 ⁸-

27 2484 29 2491 *
12 2446 33 2455 ἐ
1 2045 36 2353 §.ethi
15 2003 36 2036 ι
5 1899 35 1992 ιε’
7 1755 34 1891 'Is-'23

258 335 322 428 ete
504 347 538 408 P.
563 334 794 406 vlnerum
818 337 1049 410 trunonis

253 472 393 560 Solaque
406 468 595 558 Tyrrhenos
609 468 736 557 equites
750 468 797 530 ire
811 467 908 532 obvia
919 486 1042 533 eontra.

254 579 310 638 Me
322 577 392 639 sine
404 575 510 662 prima
522 595 623 636 manu
634 589 761 636 tentare
774 574 922 661 pericula
933 573 1031 638 belli:
1260 591 1301 636 505

170 751 172 758 .
254 679 307 743 Tu
319 677 422 767 pedes
434 677 476 742 ad
488 699 600 742 muros
613 677 768 756 subsiste,
783 695 816 741 et
828 681 948 742 moenia
961 701 1063 744 serva.
1076 707 1090 738 n

253 779 387 848 Turnus
399 782 441 847 ad
453 784 537 862 haec,
553 783 666 848 oculos
679 782 845 848 horrenda
858 786 891 847 in
904 786 1030 872 virgine
1043 785 1144 850 fixus:

258 889 424 955 «Odecus
438 890 553 967 Italiae,
566 890 673 977 virgo,
688 913 768 978 quas
781 890 892 955 dicere
905 893 1017 979 gratis,

225 1041 228 1046 -
253 997 382 1078 Quasve
395 996 518 1059 referre
530 997 663 1083 parem?
675 994 733 1061 sed
745 1019 849 1076 nune,
864 1014 913 1062 est
925 998 1035 1061 omnia
1048 997 1184 1087 quando

208 1119 219 1144 ·‘
252 1103 728 1189 lsteanimussupra,mecum
740 1103 1033 1192 partirelaborem.
1258 1119 1301 1164 510

254 1211 385 1288 AEneas,
399 1226 435 1272 ut
447 1210 533 1272 fama
546 1207 647 1271 fidem
659 1208 817 1297 missique
830 1227 999 1297 reportant

251 1316 495 1404 ExploratoreS‚
510 1317 660 1404 equitum
672 1316 757 1379 levia
770 1317 930 1404 inprobus
942 1338 1032 1382 arma

253 1423 424 1500 Praemisit,
439 1437 613 1510 quaterent
625 1444 758 1510 campos
771 1447 780 1486 :1
792 1425 862 1511 ipse
875 1422 977 1488 ardue
989 1425 1110 1488 montis

251 1531 313 1591 Per
325 1528 454 1611 deserta
462 1528 544 1616 jugo
557 1550 716 1615 superans
729 1529 884 1594 adventat
895 1526 937 1594 ad
950 1530 1076 1595 urbem.

251 1638 350 1697 Furta
361 1656 441 1722 paro
454 1633 532 1697 belli
545 1657 692 1696 convexo
705 1635 740 1697 in
752 1637 883 1699 tramite
896 1636 999 1714 silvae,

251 1741 296 1804 Ut
307 1740 410 1804 bivias
422 1756 549 1805 anneto·
560 1738 710 1806 obsidam
722 1741 826 1805 milite
839 1743 960 1806 fauces.

283 1901 334 1947 505.
349 1903 432 1946 tentare
442 1899 529 1963 spicula
540 1901 639 1946 Gothau.
656 1917 688 1938 -‘
707 1901 758 1946 506.
775 1899 857 1946 obsiste
867 1899 958 1962 Hugen.
973 1925 1004 1934 —
1021 1900 1073 1962 5⁰7·
1089 1897 1201 1946 horrenda
1216 1903 1299 1964 vr'rpine

249 1973 337 2018 Medic.
352 1988 366 2017 a
383 1989 414 2016 m.
434 1989 490 2035 pu:
509 1972 573 2017 idem
593 1991 605 2018 a
626 1989 658 2018 m.
675 1988 711 2035 pr.
724 1972 793 2032 fixis,
810 1974 852 2017 etsi
873 1971 950 2017 ocahrs
966 1982 1122 2032 praecesserat.
1143 1968 1220 2015 oeulos
1236 1971 1298 2030 fixos

250 2051 285 2107 pr.
303 2046 369 2091 Voss.
383 2057 406 2090 et
417 2060 452 2107 pr.
466 2045 550 2090 Moret.
564 2061 617 2090 cum
628 2045 734 2107 Hugen„
748 2043 811 2090 unde
821 2045 929 2089 Heinsius
939 2044 1035 2104 conjicit
1051 2039 1160 2087 oeulis...
1171 2042 1239 2102 fixis.
1254 2042 1298 2086 Sed

249 2128 341 2175 praestat
355 2128 449 2176 recepta
462 2115 544 2172 lectio,
559 2115 635 2162 oeulos
645 2117 724 2177 fieus,
740 2127 763 2159 et
782 2129 886 2160 errorum
908 2129 992 2160 eaussae
1008 2114 1062 2157 satis
1076 2124 1164 2173 patent.
1175 2112 1234 2172 fixit
1248 2111 1297 2156 edi·

249 2190 295 2244 tio,
319 2204 364 2250 qua
387 2189 477 2232 Pierius
497 2187 628 2234 utebatur:
650 2187 674 2232 h.
691 2205 712 2240 e.
733 2185 784 2231 Ald.
804 2202 840 2249 pr.
853 2186 891 2232 vel
905 2184 962 2240 alia,
981 2199 1033 2248 quae
1049 2183 1105 2228 inde
1117 2183 1196 2238 fluxit,
1218 2184 1297 2244 sieque

249 2262 325 2320 Sprot.
344 2271 368 2304 et
383 2275 417 2318 pr.
434 2259 560 2321 Hamburg.
576 2277 619 2320 pro
633 2277 681 2307 var.
701 2259 755 2305 lect.
767 2261 835 2320 fixas
851 2258 999 2305 emendatum
1014 2275 1026 2303 a
1040 2259 1157 2319 Naugerio
1172 2255 1225 2300 Ald.
1243 2265 1295 2299 tert.

248 2358 279 2368 -
290 2331 341 2376 508.
356 2339 431 2394 protes
441 2333 506 2376 Rom.
515 2357 546 2367 ·-
554 2333 606 2393 509.
623 2333 729 2396 Quasque
740 2333 800 2376 Ven.
813 2357 844 2368 -
855 2333 907 2378 510.
920 2333 968 2376 Ista
979 2329 1074 2377 volebat
1086 2329 1203 2374 Heinsius.
1214 2341 1295 2388 saper:

248 2411 273 2446 at
281 2417 310 2446 m.
323 2403 360 2459 (in
370 2403 465 2463 Foggin.
480 2405 584 2464 superat)
598 2403 684 2447 Medic.
697 2421 709 2448 a
719 2419 749 2447 m.
759 2418 795 2465 pr.
805 2428 836 2438 -
847 2401 899 2458 514.
912 2415 1022 2464 superans
1032 2411 1165 2446 revocatum
1177 2396 1207 2442 ab
1216 2398 1294 2440 lleins.

249 2489 262 2517 e
276 2472 362 2518 Medic.
378 2485 401 2518 et
417 2475 500 2518 ceteris
514 2475 724 2557 praestafforihun
734 2475 766 2520 sic
781 2487 804 2519 et
815 2486 871 2521 vett.
889 2473 943 2518 edd.
962 2475 1038 2517 Prima
1051 2482 1085 2516 est
1099 2469 1155 2514 edit.
1166 2479 1219 2512 tert.
1232 2466 1296 2520 Ale,

247 2545 273 2588 in
287 2558 333 2605 qua
342 2554 463 2604 receptum
474 2544 544 2588 video
552 2560 676 2607 properans
681 2579 688 2600 ,
701 2546 766 2608 quod
777 2547 843 2590 Rom.
855 2557 878 2590 et
890 2543 930 2590 alii
941 2544 1040 2589 Pieriaui
1050 2539 1206 2586 exhibebant:
1218 2540 1294 2599 sicque

248 2614 318 2660 Goth.
331 2626 383 2660 tert.
395 2616 536 2677 Exquisitius
548 2629 625 2662 tamen
635 2615 742 2664 alterum.
753 2634 847 2681 superas
858 2614 917 2662 alter
930 2617 1022 2676 Menag.
1030 2616 1113 2676 jupam
1121 2624 1231 2673 superans
1241 2608 1295 2653 alter

248 2687 343 2742 Hamb„
354 2703 405 2749 quae
419 2687 532 2749 vulgare,
544 2700 571 2734 ut
580 2689 622 2734 inf.
639 2707 659 2735 v.
671 2691 729 2750 906,
742 2702 776 2736 est
785 2701 915 2744 structum
927 2688 970 2734 sed
980 2687 1116 2752 exquisitior
1126 2701 1133 2738 ;
1142 2687 1211 2746 japo,
1225 2695 1294 2743 supe-¹

246 2758 297 2804 rior,
307 2755 420 2812 evadens,
432 2770 541 2819 superato
549 2760 618 2820 jugo,
633 2760 695 2804 conl.
711 2776 760 2822 sup.
774 2760 803 2806 ad
813 2759 854 2804 lib.
867 2759 900 2813 ll,
917 2774 968 2820 ²⁰7·
979 2758 1069 2802 advenit
1077 2754 1175 2799 Oudart.
1188 2755 1211 2795 iu
1221 2749 1294 2795 urbem

247 2825 336 2888 aliquot
354 2828 429 2882 Pier.,
443 2828 556 2890 probante
573 2830 676 2876 Heinsio.
686 2856 718 2865 -
729 2831 780 2876 515.
794 2828 859 2874 betti.-
875 2828 914 2874 hie
931 2826 1088 2888 distinguebat
1096 2821 1186 2868 Zulich.
1197 2835 1294 2867 convexa

246 2899 312 2944 Leid.
323 2925 354 2934 —
366 2900 418 2945 516.
435 2901 467 2945 Ut
482 2899 545 2946 binas
560 2900 654 2947 Vratisl.
667 2911 754 2948 armato
766 2911 792 2946 ut
807 2901 870 2946 binas
884 2899 921 2946 ed.
933 2915 972 2962 pr:
987 2901 1066 2944 Burm.
1079 2895 1179 2942 obsidem
1194 2893 1259 2938 Leid.
1272 2903 1293 2936 et

246 3029 515 3102 Comparautlliads,
524 3035 585 3102 73...
594 3035 744 3105 80.—50'7.
790 3037 901 3086 faciunt.
915 3061 946 3072 -
957 3031 1016 3087 512.
1029 3031 1179 3102 improbus,
1191 3028 1290 3096 accipio

246 3109 374 3166 horrenda
387 3115 415 3164 in
428 3115 529 3186 virqiue
540 3115 567 3165 h.
581 3114 599 3164 l.
614 3115 746 3168 admiran-
790 3132 854 3184 pro,
873 3112 975 3164 audax:
988 3111 1111 3182 proprie,
1126 3109 1171 3178 qui
1184 3107 1291 3156 nimium

245 3190 287 3241 da.
299 3194 384 3257 Nam,
398 3211 455 3262 quae
466 3194 684 3260 admirationem,
695 3206 747 3247 sta·
791 3192 880 3243 audet.
904 3190 946 3240 Sic
966 3190 1019 3242 alia
1038 3206 1120 3258 supra
1138 3187 1246 3256 passim.
1259 3213 1291 3224 -

243 3287 350 3338 parem,
364 3271 495 3322 horrorem
503 3274 620 3338 faciunt,
630 3274 664 3325 ad
674 3274 745 3345 idem
791 3271 850 3324 513.
865 3279 1004 3342 quaterent
1015 3285 1138 3338 campos,
1158 3264 1192 3317 ad
1209 3267 1291 3316 inces-

244 3349 301 3398 fere
325 3367 408 3418 genus
433 3353 527 3404 referri
554 3366 675 3424 possunt.
702 3355 744 3406 Sic
790 3368 847 3401 sum
860 3367 992 3419 equorum
1004 3348 1100 3398 referri
1114 3356 1230 3415 praestat.
1242 3343 1291 3394 Lu-

244 3425 361 3490 lazapo,
377 3429 555 3481 Homericum.
567 3461 602 3471 —-
612 3431 671 3484 510.
683 3451 745 3502 par·
790 3444 852 3483 eret.
872 3430 912 3493 Il,
932 3430 984 3480 326
1002 3425 1290 3499 equites-mediosque

246 3503 311 3568 tire,
329 3507 437 3574 respicit
456 3508 522 3559 illud
541 3508 654 3582 Solaque
671 3512 700 3561 T.
717 3529 742 3562 v.
788 3519 892 3581 repente
913 3508 1107 3560 Transmittunt
1122 3503 1211 3556 valido
1228 3523 1288 3570 qaa-

245 3584 303 3649 504.
322 3585 351 3632 ln
368 3583 440 3636 illis:
458 3591 563 3659 quando
584 3591 690 3642 animus
709 3601 746 3640 est
790 3591 880 3640 tientes
896 3588 991 3656 impete
1005 3604 1117 3656 campos.
1135 3584 1241 3636 Servius
1257 3582 1288 3633 ad

242 3680 321 3730 supra
337 3663 424 3712 omnia
433 3703 441 3728 ‚
457 3671 585 3736 expressit
604 3671 749 3740 magnarii*
788 3669 1018 3739 perturbationem
1031 3683 1171 3736 agrorum,
1185 3663 1238 3714 hoc
1253 3674 1288 3716 est

215 3767 217 3772 ·
242 3761 326 3792 mam:
336 3741 457 3812 adeoque
465 3747 511 3798 int.
524 3750 743 3822 suprapericula,
790 3747 950 3818 agrestium,
963 3756 1080 3796 revocat.
1092 3773 1127 3782 -
1137 3742 1197 3794 513.
1207 3744 1287 3794 ardua

242 3822 355 3871 fortunae
375 3839 449 3873 casus
469 3839 495 3876 et
515 3828 552 3878 sic
571 3848 670 3900 porro,
688 3849 743 3881 non
788 3825 1131 3884 montisdeserta5necesse
1149 3833 1189 3873 est
1204 3834 1287 3874 extre-

242 3899 325 3950 tlliler·
787 3925 843 3956 mas
862 3897 1029 3955 Albanorum
1050 3903 1182 3954 montium
1201 3916 1286 3972 partes

277 3979 306 4033 51
316 3977 424 4050 nfidem
434 3981 568 4052 eleganter
576 4005 625 4054 pro
636 3987 738 4037 nuntio·
787 3986 933 4055 respexisse
945 3996 1060 4053 poetam.
1071 4011 1107 4022 --
1117 3981 1177 4033 515.
1192 3985 1285 4046 Fltrta,

245 4059 309 4142 Nam
319 4099 327 4125 ,
337 4077 397 4129 *quae
406 4063 575 4129 nuntiantur,
585 4063 664 4114 fidem
674 4067 743 4116 faeti
787 4065 899 4116 sollenni
918 4076 1058 4134 poetarum
1075 4079 1142 4113 voce
1158 4081 1211 4133 pro
1225 4063 1285 4114 iusi-
