2718 4594
268 305 329 388 284
514 305 549 370 P.
573 301 807 368 VIRGILII
829 303 1066 371 MARONIS

265 431 349 518 Ipsae
362 428 404 493 de
416 428 518 492 muris
530 449 658 492 summo
671 426 849 492 certamine
861 439 996 507 matres,

265 539 427 602 Monstrat
439 559 531 600 amor
542 557 638 600 verus
650 534 777 623 patriae,
792 552 828 599 ut
840 533 953 600 videre
966 535 1149 617 Camillam,

265 643 347 708 Tela
358 666 458 708 manu
469 640 606 730 trepidae
614 641 756 730 jaciunt;
768 663 806 705 ac
817 640 937 706 robore
951 639 1035 706 duro

264 749 435 838 stipitibus
447 749 571 812 ferrum
584 745 787 835 sudibusque
800 747 969 810 imitantur
981 747 1116 826 obustis¹
1287 821 1289 826 ¹

264 855 465 944 Praecipites,
478 854 659 941 primaeque
671 853 756 917 mori
767 875 827 940 pro
840 851 1004 917 moenibus
1016 851 1143 916 ardent.
1266 867 1305 930 895
1344 929 1345 940 ἵ

263 1047 288 1094 p.
300 1043 352 1078 tert.
368 1033 391 1076 in
399 1033 469 1093 portis
481 1030 542 1076 Gud.
554 1047 607 1076 rum
618 1030 692 1077 trihus
708 1028 767 1076 aliie.
777 1053 808 1065 ·-
817 1028 870 1090 892.
883 1028 976 1076 conam
985 1028 1043 1074 alter
1056 1029 1139 1076 Hamb.
1154 1044 1219 1074 amos
1233 1029 1306 1084 cua..

265 1104 329 1166 quod
338 1103 438 1149 illustrat
449 1105 529 1148 Heius.
541 1119 605 1148 amor
613 1117 690 1149 versus
704 1103 783 1157 Rom,
793 1114 818 1147 ut
831 1104 878 1164 jam
890 1112 1019 1147 revertatur
1031 1101 1070 1146 ille
1080 1103 1105 1146 in
1115 1113 1220 1163 pectora.
1233 1102 1307 1146 Minna
1344 1147 1345 1152 ,

266 1174 542 1234 acite.1nfragm.Vatic.
556 1181 582 1218 ut
593 1189 606 1218 a
618 1188 653 1234 pr.
665 1188 697 1217 m.
707 1172 803 1217 aberat:
816 1182 839 1217 et
852 1171 945 1218 videtur
961 1180 987 1216 ut
997 1183 1037 1216 aut
1053 1171 1137 1218 melius
1150 1171 1230 1218 abesse
1242 1173 1307 1230 (nam

265 1245 313 1289 aive
325 1245 354 1289 ait
362 1256 496 1305 postquam,
507 1244 554 1289 aire
564 1242 772 1305 quemadmodum,
782 1257 864 1303 parum
874 1240 1021 1286 commodum
1032 1242 1094 1299 eat),
1107 1253 1146 1286 aut
1157 1243 1182 1286 in
1188 1250 1212 1286 et
1218 1244 1306 1286 mutari.
1344 1263 1345 1298 ι

264 1315 299 1360 Ita
308 1316 364 1360 erit:
375 1317 489 1360 Monstrat
496 1330 560 1358 amor
568 1329 634 1359 verus
640 1317 732 1376 patrem
741 1322 764 1357 et
772 1312 846 1357 videre
855 1309 985 1366 Camillam
994 1311 1039 1358 hoc
1048 1324 1071 1358 et
1081 1312 1192 1358 viderant
1202 1325 1307 1357 matrona
1344 1301 1345 1334 3

265 1383 346 1448 paullo
356 1397 409 1429 ante
418 1383 520 1429 Camillae
531 1384 670 1446 exemplum.
686 1383 732 1430 Sed
743 1399 837 1435 vereor,
850 1399 893 1438 ne,
905 1385 924 1428 ai
936 1398 984 1428 non
997 1394 1059 1428 totus
1071 1397 1163 1437 verena,
1173 1393 1197 1426 at
1206 1381 1307 1428 hemisti·
1344 1339 1345 1428 l

265 1452 344 1500 chium
356 1465 445 1509 tamen,
457 1470 499 1500 eeu
509 1457 636 1516 posteriue,
649 1454 755 1500 revidere
766 1451 896 1508 Camillam,
906 1452 936 1498 ad
947 1451 1103 1514 supplendum
1118 1467 1225 1506 aereum,
1241 1466 1305 1513 quem

264 1535 334 1584 poeta
341 1523 503 1584 imperfectum
512 1523 647 1585 reliquerat,
655 1523 744 1569 illatum
755 1526 797 1578 sit;
807 1539 846 1569 teu
855 1525 919 1584 prius
926 1538 1029 1586 quoque,
1038 1537 1108 1584 quum
1119 1523 1143 1564 in
1154 1524 1259 1581 margine
1268 1537 1306 1582 pro

264 1595 456 1655 interpretatione
471 1594 612 1656 adscriptum
623 1607 697 1642 earet:
710 1603 736 1640 ut
744 1596 818 1640 videre
830 1593 955 1640 Camillum.
968 1596 1040 1640 Totus
1051 1607 1144 1646 verens,
1156 1605 1184 1638 ut
1193 1593 1255 1647 diri,
1264 1592 1306 1638 olet
1344 1615 1345 1632 π

264 1661 464 1724 interpolatoriam
479 1679 582 1725 operam.
591 1690 622 1700 -
631 1664 684 1725 893.
703 1665 787 1726 trepr'da
798 1667 873 1726 Biqot.
892 1679 960 1709 manu
971 1665 1077 1726 jaciant:
1088 1663 1226 1725 trepideque
1237 1671 1260 1706 et
1269 1662 1305 1706 Ed.

265 1746 301 1792 pr.
315 1733 392 1777 Burm.
403 1758 435 1768 -
444 1733 496 1794 895.
509 1734 590 1779 ardent
600 1736 689 1795 recepit
699 1735 793 1790 Heius„
805 1751 848 1796 pro
860 1733 954 1795 vulgato
967 1733 1057 1778 audent.
1070 1731 1146 1775 Habet
1157 1743 1180 1776 et
1189 1729 1236 1777 hoc
1247 1747 1306 1776 suani
1344 1737 1345 1756 ³

265 1804 320 1848 vim.
331 1804 377 1848 Sed
385 1805 466 1849 ardent
473 1805 502 1851 de
512 1821 537 1850 re
546 1804 630 1851 bellica
640 1808 716 1867 poetis
726 1819 820 1870 quoqne
830 1807 884 1851 satia
896 1805 1076 1867 frequentatum.
1087 1801 1196 1863 Duplicia
1205 1801 1305 1847 lectionit
1344 1791 1345 1858 l

264 1871 361 1918 dirertae
373 1874 445 1921 duces
455 1891 460 1920 ι
470 1877 550 1921 ardent
558 1877 623 1920 Rom.
638 1887 661 1922 et
672 1876 753 1937 fragm.
764 1877 854 1931 Vatic,
867 1887 916 1920 tum
926 1873 987 1919 Gud.
997 1875 1089 1934 Menag.
1104 1887 1141 1932 pr.
1159 1883 1183 1917 et
1197 1870 1304 1916 Montalb.
1344 1861 1345 1944 l

266 1954 290 1989 et
300 1946 350 2006 ipae
359 1946 444 1992 Medic.
457 1965 469 1992 a
481 1963 510 1992 m.
525 1963 574 2010 pr,
587 1947 699 1994 sedidem
710 1964 722 1992 a
732 1963 763 1992 m.
774 1962 834 2002 aec,
847 1947 954 2008 adeoque
963 1961 991 1991 ex
1000 1945 1126 2006 Aproniani
1138 1942 1305 1988 emendatione.
1344 1945 1345 1976 t

265 2016 361 2072 audent,
373 2019 438 2080 quod
446 2018 554 2081 plerique
564 2029 707 2082 sequuntur,
720 2033 748 2064 ex
759 2017 873 2063 Gothania
885 2015 980 2078 quidem
990 2028 1025 2077 pr.
1036 2025 1060 2059 et
1068 2023 1122 2058 tert.
1133 2026 1178 2057 nec
1188 2010 1305 2066 malebat,

301 2163 361 2230 891.
381 2165 516 2216 Allectum
536 2167 689 2218 Latinarum
710 2185 765 2217 ma·
809 2163 945 2236 Servium)
958 2164 1078 2234 adeoque
1093 2163 1175 2214 etiam
1187 2160 1304 2212 viderunt

266 2254 403 2292 tronarum
425 2258 470 2294 aut
490 2263 520 2294 ex
541 2245 592 2296 hoc
614 2248 764 2316 profectum
809 2265 868 2298 eam
885 2245 999 2297 cadere:
1016 2245 1079 2314 ipsae
1100 2244 1216 2293 incensae
1237 2258 1306 2292 arma

267 2319 354 2370 dicere
368 2340 475 2374 necesse
487 2337 539 2388 est,
560 2325 632 2394 qnod
646 2322 764 2377 camilla
808 2319 1305 2392 sumunt,ethostempropuguarevo·
1344 2347 1345 2373 t

268 2416 358 2468 corpus
370 2399 539 2471 deportatum
554 2424 685 2477 expugna
699 2423 763 2456 con·
807 2403 990 2472 lunt-892.
1004 2403 1136 2453 Monstrat
1149 2417 1225 2450 amor
1239 2416 1306 2450 verto
1344 2381 1345 2464 i

267 2479 396 2546 spiciunt:
411 2499 491 2551 qnam
504 2501 584 2552 quum
592 2503 642 2554 pro
652 2487 762 2536 Latino·
805 2483 912 2554 patrioe;
926 2479 1305 2552 quemnamlputes,Latinaa
1344 2471 1345 2500 l

266 2574 325 2606 rum
337 2557 422 2612 salute
434 2560 559 2614 cecidisse
567 2563 689 2628 videant,
700 2565 762 2634 ipsae
807 2575 960 2614 matronas:
978 2577 1070 2611 earnm
1083 2559 1203 2610 animum
1215 2576 1246 2608 ac
1259 2559 1306 2606 vir·

228 2637 232 2642 ’
266 2638 363 2706 partim
374 2641 663 2714 miseratione,partim
671 2643 763 2713 patriar
808 2655 892 2694 tutem
908 2640 1050 2692 declarat:
1071 2639 1109 2689 ita
1127 2637 1305 2688 obscuriorem

266 2714 440 2770 delendendae
455 2723 542 2773 studio
553 2723 761 2784 inflammantur3
809 2739 865 2774 esse
878 2721 1052 2783 sententiam,
1069 2736 1150 2788 quam
1161 2736 1212 2788 pro
1225 2728 1305 2787 poeta

266 2809 312 2848 aut
325 2797 464 2850 Camillam
474 2813 637 2874 praepotentem
654 2805 716 2874 ipsae
731 2799 763 2851 de
809 2801 916 2871 ingenio
933 2809 964 2850 a'c
980 2815 1073 2862 more,
1092 2797 1173 2850 facile
1192 2797 1305 2868 letgiam

266 2878 347 2928 muris
359 2895 557 2950 prospexerant.
571 2885 610 2934 De
622 2882 764 2952 deportato
810 2897 873 2951 ergo
892 2876 1057 2948 sequendum
1074 2875 1189 2928 alterum
1204 2868 1215 2925 ἰ
1236 2893 1308 2926 amor

265 2969 354 3010 tamen
371 2979 401 3012 ex
414 2964 469 3014 acie
482 2981 594 3034 corpore
610 2962 676 3015 nihil
693 2962 766 3032 adje·
809 2957 980 3029 computrue
988 2953 1304 3009 monstratCamillamsc.

267 3040 302 3090 cit
313 3043 473 3103 narrationi;
482 3061 569 3113 neque
578 3044 648 3095 forte
660 3061 715 3096 rom
726 3043 764 3092 sie
809 3050 987 3111 pugnantem,
1005 3050 1032 3089 et
1044 3035 1248 3087 occumbentem
1261 3052 1306 3104 pro

266 3137 375 3172 narrare
387 3125 488 3191 potuit,
504 3141 585 3192 quum
596 3140 653 3193 sup.
663 3140 687 3172 v.
698 3119 762 3190 593,
807 3121 911 3190 patria:
930 3136 983 3188 quo
1003 3115 1123 3186 exemplo
1142 3111 1306 3165 inflammata

268 3197 319 3267 594
330 3200 585 3272 Dianapraedixiseet
595 3225 601 3252 :
613 3201 714 3254 renoba
723 3217 764 3250 ca·
807 3201 871 3270 ipsae
884 3217 955 3250 arma
973 3197 1091 3267 capiunt.
1110 3197 1151 3246 lta
1164 3193 1247 3244 virtus
1264 3193 1307 3244 ali·

266 3295 406 3348 eucarpus
424 3291 450 3331 et
461 3301 535 3332 ama
553 3279 698 3351 impollute
716 3279 764 3330 ea-
808 3296 887 3348 qaem
904 3285 1044 3339 monstrat,
1059 3275 1192 3344 insignem
1206 3270 1306 3335 reddit,

267 3355 349 3407 milloe
369 3359 470 3412 tumulo
488 3381 538 3414 este
555 3360 698 3412 illaturam.
717 3359 763 3412 sin
807 3372 837 3410 ut
860 3357 1041 3427 conspiciatur
1057 3357 1126 3407 inter
1146 3365 1265 3418 ceteros,
1285 3363 1307 3403 et

266 3439 386 3506 aequaris
405 3439 538 3492 alterurn:
558 3453 587 3492 nt
606 3439 641 3492 ad
659 3451 763 3508 tempus
807 3435 1094 3490 noscatur.'1tamelius
1102 3445 1213 3505 poetam
1223 3432 1306 3485 decla·
1344 3435 1345 3438 ’

267 3533 362 3586 pugna
385 3531 411 3569 et
433 3533 605 3590 prospectum
625 3516 658 3568 de
681 3517 762 3568 muris
808 3520 862 3570 rari
873 3529 956 3588 puto,
969 3533 1049 3585 quam
1061 3515 1120 3567 aliis
1129 3512 1233 3578 modis,
1245 3527 1305 3582 qnos

267 3593 384 3647 Camillae
394 3595 763 3669 pugnantis,etoccumben·
809 3612 888 3650 antea
912 3607 1086 3648 tentaveram.
1108 3623 1144 3636 --
1166 3594 1228 3662 893.
1251 3591 1305 3660 894.

267 3675 304 3724 tis
313 3674 369 3727 haec
383 3677 568 3744 retrahantur,
579 3678 762 3747 interpretatio
804 3679 893 3748 lunge
902 3673 1000 3744 stipites
1012 3676 1103 3726 robore
1114 3672 1203 3738 dum‚·
1215 3670 1307 3742 quibus

267 3755 305 3803 ita
321 3755 483 3807 instituenda
499 3771 560 3808 eet:
580 3757 647 3808 Cum
663 3767 774 3808 metro-¹
807 3769 836 3810 et
851 3754 961 3808 sudibus
978 3772 1029 3824 pro
1046 3755 1123 3806 ferro
1143 3763 1265 3804 utuntur.
1277 3775 1308 3789 ··

268 3849 308 3882 naa
317 3831 414 3884 Latinae
421 3834 543 3886 viderunt
552 3835 690 3888 Camillam
696 3852 764 3886 sum·
808 3835 868 3906 895.
881 3833 1046 3902 Pracipites,
1057 3846 1088 3884 nt
1101 3831 1211 3902 trepida
1218 3869 1227 3895 ,
1239 3829 1308 3880 festi·

245 3972 248 3977 Ι
268 3928 311 3960 mo
328 3912 485 3973 certamine5
500 3915 527 3964 in
541 3928 657 3966 extremo
675 3913 765 3966 disad-
809 3910 1308 3977 nationem,aestudiumdeclaraunon

267 3989 351 4040 mine:
360 3988 399 4056 (ut
406 4007 464 4060 sup.
474 4009 498 4041 v.
508 3991 559 4060 476
566 3989 639 4044 lnlror
646 3990 764 4046 ultimus.
811 3994 888 4048 aliter
898 3995 1089 4064 interpretatus
1099 4002 1139 4042 est
1151 3991 1257 4042 Ruaeus.
