2736 4598
245 311 306 375 252
491 307 528 370 Ρ.
550 304 784 369 VlIlGlLll·
805 302 1036 370 Manonls

242 436 307 498 Dat
318 454 389 500 sese
401 431 517 510 fluvio,
530 448 630 519 atque
642 429 768 494 hastam
781 451 857 493 curn
869 429 995 516 virgine
1007 429 1113 494 victor

243 540 420 604 Gramineo
433 537 558 602 donum
570 536 689 600 Triviae
702 534 744 599 de
757 535 879 622 cespite
891 534 993 598 vellit.

242 647 318 709 Non
330 644 424 708 illum
435 644 528 708 tectis
541 642 629 721 ullae,
644 664 711 704 non
724 640 888 705 moenibus
901 639 1000 704 urbes

245 751 429 838 Adcepere,
443 771 552 838 neque
565 748 634 836 ipse
647 768 763 811 manus
776 746 904 810 feritate
917 743 1080 810 dedisset:

245 859 418 922 Pastorum
430 873 462 919 et
474 854 551 920 solis
564 853 671 940 exegit
682 851 850 916 montibus
862 875 979 916 arvum.

246 964 310 1029 Hic
323 979 446 1040 natam,
460 962 494 1024 in
507 960 630 1038 dumis,
645 959 796 1047 interque
808 957 977 1023 horrentia
987 958 1103 1036 lustra,

246 1069 443 1133 Armentalis
456 1089 550 1156 equae
561 1065 712 1130 mammis
725 1081 758 1128 et
769 1064 853 1130 lacte
866 1064 972 1128 ferino

246 1174 413 1253 Nutrihat‚
425 1173 548 1237 teneris
560 1171 745 1258 inmulgens
757 1168 860 1234 ubera
871 1167 980 1233 labris.
991 1215 994 1220 -

246 1282 278 1344 U
281 1298 359 1370 tque
371 1277 495 1368 pedum
507 1277 621 1365 primis
634 1276 741 1340 infans
753 1275 888 1362 vestigia
899 1273 1018 1362 plantis

249 1387 429 1463 Institerat,
438 1384 549 1473 jaculo
562 1382 685 1471 palmas
698 1381 846 1446 oneravit
858 1397 970 1459 acuto;

247 1492 444 1580 Spiculaque
457 1511 497 1552 ex
507 1487 649 1553 humero
660 1509 768 1575 parvae
781 1485 952 1574 suspendit
965 1501 997 1549 et
1008 1507 1131 1550 arcum.

249 1598 313 1660 Pro
325 1595 439 1661 crinali
451 1617 546 1673 auro,
560 1616 621 1682 pro
633 1593 740 1680 longae
752 1593 896 1680 tegmine
909 1592 1017 1680 pallae,

249 1700 393 1791 Tigridis
405 1699 529 1764 exuvioe
540 1722 602 1788 per
615 1697 750 1764 dorsum
762 1721 781 1762 a
792 1698 915 1763 vertice
927 1695 1084 1785 pendent.

282 1903 334 1950 566.
352 1905 374 1950 d.
391 1921 411 1951 c.
431 1903 488 1952 tollit
503 1903 605 1950 Gudian.
620 1913 644 1949 et
659 1903 706 1948 Erf.
724 1927 756 1939 -
775 1903 827 1966 567.
838 1918 884 1949 non
895 1901 947 1948 uttae
961 1917 991 1948 m.
1009 1899 1109 1946 Gothan.
1127 1915 1165 1962 pr.
1184 1899 1297 1946 omatibus

252 1974 311 2022 alter
329 1976 455 2039 llamhurg.
475 1975 536 2022 urbis
553 1977 613 2022 Ven.
631 1999 663 2011 -
683 1974 735 2021 568.
759 1975 873 2037 Excepere
894 1977 970 2037 Sprot.
988 1971 1024 2018 itte
1040 1969 1129 2017 Zulich.
1150 1996 1182 2006 —
1206 1971 1258 2031 569.
1275 1981 1298 2016 et

250 2048 331 2094 aberat
347 2049 458 2106 Oudart.;
475 2062 497 2096 et
515 2048 598 2095 melius
615 2048 712 2094 abesset.
729 2046 775 2094 sed
793 2060 851 2110 quot
866 2045 909 2092 alia
928 2061 976 2091 non
992 2057 1068 2090 essent
1082 2043 1196 2098 delenda,
1213 2045 1232 2088 si
1248 2043 1298 2089 haec

251 2122 310 2165 ratio
328 2119 427 2185 valeret!
451 2119 547 2167 Sustulit
562 2119 704 2174 Bruncltius;
723 2131 747 2164 et
764 2119 868 2180 reposuit
882 2133 925 2180 pro
942 2133 970 2162 eo
988 2125 1013 2161 ut
1032 2113 1178 2170 Wakefield,
1191 2129 1235 2160 nec
1253 2117 1297 2159 im-

252 2188 328 2251 probo
346 2188 440 2234 lactum.
463 2187 524 2234 solus
545 2187 650 2234 Parthas.
669 2191 696 2234 P.
714 2192 737 2233 itt
755 2191 819 2234 soevis
839 2188 881 2233 Ed.
898 2203 934 2250 pr.
957 2188 1081 2233 Burmann.
1106 2200 1176 2230 oevom
1199 2186 1297 2230 Roman.

251 2284 283 2294 -
297 2260 349 2320 57υ.
367 2261 411 2304 Hic
426 2259 480 2306 edd.
495 2259 564 2305 Aldd.
581 2272 605 2306 et
620 2260 675 2306 hinc
690 2275 782 2317 omnes,
798 2275 856 2324 quas
868 2259 928 2316 vidi,
946 2261 1014 2305 etiam
1028 2259 1078 2302 nic.
1094 2257 1183 2302 Heinsii
1198 2260 1297 2320 priores.

252 2327 301 2372 Nec
319 2329 363 2373 nisi
380 2330 405 2372 in
420 2328 457 2374 ed.
475 2331 598 2375 Burmann.
613 2330 737 2391 probatum
757 2332 840 2375 Hine:
863 2333 946 2375 merito
962 2331 1046 2374 iterum
1066 2327 1175 2388 ejectum.
1194 2352 1226 2362 -
1244 2329 1296 2388 572.

252 2398 335 2440 teucrss
348 2413 391 2458 pro
411 2401 490 2445 teneris
507 2400 602 2454 Franc,
622 2411 717 2462 stupore
735 2398 832 2446 librarii.
853 2398 982 2446 immulcens
999 2415 1035 2461 pr.
1056 2397 1183 2458 llamburg.
1206 2413 1300 2444 munem

252 2467 352 2512 Gothan.
373 2480 426 2514 tert.
446 2494 478 2503 -
498 2470 550 2531 573.
568 2469 659 2533 plantas
679 2471 780 2527 Medic,
799 2471 868 2518 seda
887 2487 918 2515 m.
937 2487 973 2533 pr.
989 2495 1020 2504 -
1037 2466 1088 2530 574.
1111 2469 1246 2514 Institeram
1262 2486 1297 2530 pr.

253 2535 349 2593 Hamh.,
362 2548 411 2584 tum
422 2542 518 2584 armavit
527 2555 607 2586 omnes
618 2542 680 2587 Pier.
702 2553 725 2586 et
741 2542 820 2587 Heius.
832 2543 950 2604 potiores:
963 2539 1023 2586 adde
1041 2542 1167 2585 Burmann.
1186 2551 1209 2584 et
1228 2539 1298 2584 Goth.

252 2623 299 2656 sec.
313 2625 339 2654 ac
354 2621 407 2656 tert.
421 2627 473 2656 cum
487 2611 534 2655 Erf.
544 2613 667 2658 Retinetur
679 2624 756 2660 tamen
769 2616 870 2659 oneravit
884 2613 940 2658 inde
958 2611 987 2658 ab
1003 2609 1063 2656 Aldo
1075 2610 1176 2665 editum,
1187 2623 1298 2673 tanquam

254 2679 394 2743 elegantius,
404 2683 510 2745 inprimis
521 2699 594 2746 quum
606 2684 636 2730 de
647 2684 739 2730 tenellae
752 2683 836 2747 puellae
845 2685 951 2730 manibus
963 2699 1038 2729 sermo
1050 2683 1079 2727 sit
1084 2699 1091 2736 ;
1103 2681 1297 2744 quandoquidem

253 2752 350 2800 credere
360 2753 427 2810 licet,
437 2761 530 2816 poetam
541 2754 648 2802 maluisse
661 2757 698 2812 id,
713 2756 778 2819 quod
789 2759 908 2807 venustius
924 2767 990 2802 esset.
1009 2755 1118 2816 Agnoscit
1134 2769 1231 2816 quoque
1243 2756 1299 2798 Ser-

204 2855 206 2859 «
254 2825 313 2870 vius.
326 2827 353 2870 ln
364 2827 440 2887 Sprot.
452 2827 615 2886 eratfirmuvt't.
625 2826 790 2890 jacult'sueutis
801 2843 836 2888 pr.
847 2827 929 2873 llamb.
945 2838 968 2872 et
976 2825 1018 2870 Ed.
1029 2842 1064 2887 pr.
1079 2827 1157 2870 Burm.
1167 2850 1200 2859 -
1210 2825 1262 2886 575.
1272 2840 1302 2868 ex

255 2891 347 2942 humero
357 2911 428 2958 parvo
439 2895 508 2941 Goth.
521 2909 574 2943 tert.
587 2922 618 2932 -
631 2897 682 2959 576.
697 2900 757 2944 vitto
766 2913 809 2959 pro
815 2896 883 2960 palla
894 2896 992 2944 Oudart.
1001 2921 1033 2932 -
1045 2897 1097 2957 577.
1109 2910 1124 2938 a
1133 2894 1199 2940 abest
1211 2893 1301 2957 aliquot

289 3063 350 3117 565.
364 3065 447 3118 victor
458 3083 567 3136 compos
580 3067 637 3118 voti
649 3065 697 3136 (ut
710 3087 755 3119 ste·
800 3086 858 3120 rum
867 3085 951 3120 oeoum
958 3104 967 3131 ,
980 3078 1010 3116 nt
1020 3064 1105 3130 Seru,
1118 3081 1168 3133 pro
1178 3075 1299 3132 pastora-

255 3162 305 3214 pe‚
321 3164 346 3196 v.
365 3165 387 3198 c.
401 3147 475 3214 Vlll‚
493 3146 559 3217 61),
576 3146 632 3198 scil.
648 3145 755 3198 flumine
799 3147 818 3198 li
829 3148 900 3214 vita,
912 3145 959 3198 sed
970 3145 998 3196 in
1011 3142 1140 3195 montibus
1148 3153 1298 3210 pastorum

255 3225 385 3291 trajecto,
404 3238 430 3277 et
448 3225 503 3276 filia
523 3238 636 3277 servata.
656 3225 755 3276 donum
800 3227 846 3294 qui
859 3243 874 3276 a
886 3221 1037 3295 pastoribus
1052 3219 1298 3272 habitabantur,-

258 3302 369 3367 Trivt'oe‚
382 3322 414 3356 ex
424 3317 502 3366 voto;
516 3323 596 3374 quarn
609 3307 700 3357 Dianae
709 3323 754 3355 vo·
800 3305 858 3373 570.
877 3303 952 3355 dumi
961 3341 970 3367 ‚
986 3301 1067 3354 lustra
1083 3319 1134 3371 pro
1150 3300 1234 3351 silvis.
1251 3300 1299 3350 Ar-

207 3403 211 3409 ·
256 3393 384 3433 veratzv.
399 3383 457 3452 557.
472 3383 531 3436 558.
545 3383 605 3454 559.
620 3384 680 3438 560.
692 3384 751 3436 568.
797 3381 920 3434 mentalis
940 3400 1023 3454 equa,
1043 3378 1113 3434 ἵππος
1130 3379 1247 3444 elymais.
1266 3407 1299 3418 -

255 3475 349 3510 massus
357 3459 404 3510 dat
413 3464 521 3532 proprie
529 3465 623 3528 victus,
632 3475 688 3514 tum
696 3481 751 3514 om·
798 3460 857 3530 572.
868 3459 934 3511 lacte
937 3460 1047 3530 feriam
1061 3460 1124 3530 quia
1130 3458 1210 3528 ferus
1220 3461 1298 3510 etiarn

255 3539 318 3588 nino
332 3541 378 3608 qui
392 3539 478 3605 cedit,
493 3544 538 3611 qui
548 3543 682 3613 placatur,
694 3541 721 3592 h.
732 3541 750 3592 l.
797 3539 907 3611 deequo
919 3561 925 3590 ι
935 3553 965 3591 ut
972 3557 1030 3610 sup.
1041 3538 1298 3607 AEn.ll,51.-—573.

211 3623 215 3635 “
256 3617 315 3685 qui,
329 3618 401 3686 quod
417 3618 567 3673 humanitas
582 3623 696 3675 aliorum
709 3621 751 3673 vel
796 3622 906 3692 Proprie
925 3632 1002 3672 erant
1021 3618 1126 3690 vestipia
1146 3619 1256 3689 prima,
1274 3619 1299 3668 in

253 3692 423 3764 hospitalitas
433 3699 529 3765 offert,
543 3703 647 3772 accipit.
659 3702 701 3752 An
710 3719 752 3752 us·
800 3718 874 3770 quse,
893 3697 1005 3769 quibus,
1025 3699 1120 3749 institit
1135 3697 1236 3766 plantis
1253 3716 1301 3767 pc-

257 3791 336 3842 quarn
353 3774 387 3826 de
405 3779 526 3830 manibus
543 3779 679 3850 hospitum
691 3783 754 3850 jun·
800 3779 872 3830 dum.
884 3777 935 3830 Sed
946 3778 1050 3828 doctius
1059 3777 1181 3843 alterum,
1188 3797 1239 3848 pro
1247 3776 1301 3828 vul-

256 3852 349 3924 gaudis
357 3852 485 3930 loquendi
493 3876 556 3910 usus
564 3861 756 3912 tuleritmanus
801 3862 873 3931 gari3
892 3871 922 3909 ut
943 3861 1059 3930 primum
1076 3858 1165 3909 infans
1185 3857 1300 3928 pedihus

256 3936 332 3998 dare,
345 3946 374 3984 ut
386 3934 502 3988 dictum:
515 3938 756 4012 acciperealiquem
801 3943 904 3992 institit.
924 3970 960 3979 —
982 3940 1042 4011 577.
1071 3940 1173 4012 tiqrt'dis
1196 3940 1302 3992 exuvias

257 4032 356 4081 manu,
372 4014 591 4090 dubito—569.
607 4037 662 4074 non
671 4031 759 4090 pasto·
803 4034 994 4076 commemorat
1023 4020 1160 4093 dignitatis
1189 4038 1304 4080 caussas
