2690 4598
299 249 537 327 AEnuruos
560 251 712 316 uranu
735 255 797 318 rx.
1023 283 1068 346 ,77

32 374 141 440 Sternit
152 372 254 438 humi
266 375 429 454 morieus3
441 391 540 462 atque
553 374 598 442 illi
610 375 757 463 partibus
770 377 872 466 aequis

36 483 99 546 Huc
110 497 213 569 caput
224 497 327 569 atque
340 479 418 544 illue
429 478 569 546 humero
582 501 621 544 ex
634 498 774 571 utroque
786 482 954 572 pependit.
1027 498 1071 560 755

36 588 218 674 Diffugiunt
231 585 318 650 versi
331 584 460 672 trepida
473 585 649 652 formidine
663 588 783 668 Troee;

37 693 85 770 Et,
98 693 123 756 si
136 693 300 756 continuo
313 692 473 756 victorem
487 715 524 756 ea
537 715 614 757 cura
626 691 781 774 subisset,

37 801 196 886 Rumpere
209 798 349 863 claustra
361 820 476 876 mauu,
490 799 664 887 sociosque
676 799 842 864 inmittere
853 802 970 888 portis,

40 904 174 968 Ultimus
187 903 244 968 ille
257 901 327 967 dies
339 901 427 966 bello
440 903 597 992 gentique
610 904 735 968 fnisset.

39 1009 95 1073 Sed
107 1010 201 1073 furor
212 1006 385 1073 ardentem
397 1007 563 1097 caedisque
576 1010 689 1074 insana
701 1010 823 1098 cupido

1 1115 2 1118 ’
41 1116 107 1202 Egit
119 1115 152 1178 in
164 1113 332 1178 adversos.
684 1187 686 1194 ¹

40 1223 197 1309 Principio
210 1220 389 1298 Phalerim,
403 1235 449 1300 et,
463 1221 590 1285 succiso
601 1222 742 1311 poplite,
757 1223 871 1312 Gygen

1 1369 2 1436 7
39 1328 176 1416 Excipit,
189 1325 267 1392 hinc
279 1344 387 1416 raptas
399 1327 603 1414 fugientibus
616 1329 736 1417 ingerit
747 1328 855 1394 hastas

41 1438 76 1498 ln
88 1452 198 1522 tergus
210 1457 217 1497 :
231 1435 320 1498 Juuo
333 1435 418 1498 vires
430 1435 644 1524 animumque
657 1438 828 1501 ministrat.

1 1617 2 1620 7
40 1539 136 1604 Addit
149 1540 268 1628 Halym
280 1540 450 1618 comitem,
465 1556 497 1603 et
509 1539 636 1604 confixa
649 1539 777 1629 Phegea
789 1565 916 1630 parma3
1034 1559 1078 1622 765

39 1648 170 1733 Ignaros
183 1643 305 1708 deiude
318 1646 352 1708 in
364 1646 466 1708 muris
480 1647 687 1734 Martemque
700 1648 829 1727 cientis,

40 1750 318 1839 Alcandrumque,
334 1751 548 1840 Haliumque,
563 1753 818 1842 Noemonaque,
832 1756 1078 1847 Prytanimque3

69 1904 120 1966 754.
140 1903 199 1949 Ante
218 1903 298 1948 Heius.
320 1898 353 1947 illi
368 1905 391 1947 in
407 1919 445 1966 p.,
462 1902 538 1965 quod,
560 1904 620 1949 Pier.
641 1915 664 1950 et
680 1917 732 1960 suos
748 1916 872 1965 sequutus,
892 1906 968 1967 ejecit.
981 1929 1014 1942 ·-
1028 1908 1085 1968 756:

43 1974 178 2037 Defiiqiattt,
189 1972 337 2036 Dejffitqt'aat,
356 1971 404 2020 duo
415 1975 493 2018 uum.
506 1999 539 2008 —
550 1975 602 2035 757.
621 1988 647 2019 ea
665 1989 684 2018 c.
691 1972 777 2034 fuisset
791 1973 879 2019 Zulich.
892 1991 913 2020 v.
926 1975 956 2018 ad
967 1973 1007 2019 lib.
1022 1977 1084 2034 vtlt,

43 2048 91 2108 396.
102 2049 177 2092 Totus
189 2061 268 2092 versus
280 2045 398 2092 exciderat
409 2045 479 2092 Goth.
498 2057 551 2092 tert.
570 2045 615 2091 hoc
630 2046 683 2092 loco
702 2058 725 2092 et
744 2057 793 2091 erat
803 2049 903 2092 insertus
914 2059 973 2110 post.
985 2065 1017 2095 vs.
1031 2051 1083 2111 759.

43 2141 71 2152 -
91 2116 144 2179 758.
163 2117 290 2171 Ortuinus,
313 2117 445 2162 Burmanno
463 2127 587 2170 monente,
601 2115 702 2161 malebat
716 2115 840 2160 admittere.
859 2115 927 2161 Goth.
941 2128 993 2163 tert.
1004 2128 1084 2181 porta.

1 2219 2 2230 .
41 2209 69 2222 ··-
86 2187 139 2248 76⁰.
161 2184 256 2248 infanda
271 2200 292 2230 c.
315 2185 404 2249 aliquot
424 2187 485 2231 Pier.
507 2186 620 2231 etlleius.
634 2201 687 2230 curn
708 2182 779 2230 Goth.
800 2199 846 2230 sec.
861 2197 884 2232 et
904 2197 956 2232 tert.
977 2190 1084 2234 annana:

44 2258 100 2303 Gud.
112 2274 156 2320 pro
165 2257 213 2303 div.
226 2256 280 2304 lect.
295 2282 327 2292 -
341 2257 393 2318 762.
406 2256 520 2302 Phalerim
530 2258 621 2319 recepit
638 2257 732 2312 licina,
750 2272 804 2302 nam
816 2259 848 2302 sic
860 2257 909 2302 fere
921 2258 989 2304 codd.
1009 2259 1085 2306 habe-

42 2345 65 2375 re
77 2329 114 2375 vel
133 2327 240 2374 Falerim.
260 2327 343 2390 Vulgg.
364 2327 475 2383 Falarim,
494 2328 559 2390 quod
579 2339 655 2373 tamen
667 2328 797 2390 analogiam
809 2331 921 2375 sermonis
932 2329 1010 2377 habet.
1024 2333 1086 2378 Pris-

42 2401 98 2443 cian.
118 2397 160 2444 lib.
181 2400 224 2442 Vll
241 2397 360 2453 Fabarim,
380 2410 405 2444 ut
422 2415 436 2443 a
455 2397 527 2444 fluvio
548 2397 685 2442 Sabinorum
696 2413 782 2444 nomen
794 2397 890 2454 habeam
911 2399 989 2444 sedin
1001 2403 1087 2462 Troja-

42 2482 95 2512 num
108 2467 229 2514 hominem
242 2483 289 2512 uon
302 2469 372 2513 cadit.
383 2467 444 2514 Alii:
459 2466 564 2522 Falariu,
580 2465 686 2512 Falarem.
702 2470 762 2513 Tum
774 2469 871 2530 quem‚
893 2469 974 2528 quert.
988 2495 1020 2506 -
1033 2471 1085 2533 763.

44 2534 76 2581 lt'c
84 2553 121 2598 pr.
135 2537 218 2582 llamb.
230 2535 280 2582 haec
293 2539 352 2583 Ven.
366 2541 389 2581 t'u
400 2546 477 2600 raptas
486 2539 552 2583 Rom.
569 2538 599 2581 Ε.
615 2545 717 2601 arreptas
733 2535 803 2583 Goth.
816 2551 862 2582 tec.
874 2537 939 2583 ldem
950 2538 999 2584 lere
1010 2554 1090 2586 versus

43 2609 84 2653 int.
97 2610 152 2664 ΧΠ,
165 2608 218 2654 330.
232 2635 264 2643 -
276 2609 328 2671 764.
341 2610 370 2653 In
383 2617 457 2672 terque
469 2610 548 2654 Heius.
562 2624 574 2654 e
587 2609 652 2654 Rom.
667 2621 690 2655 et
701 2610 797 2654 Carisio.
809 2611 838 2652 At
854 2607 940 2671 vulgo:
954 2612 982 2655 In
995 2619 1086 2675 tetpum.

44 2677 89 2723 tid.
104 2679 185 2723 licius.
198 2680 314 2742 lateqrum
322 2679 403 2724 Franc.
415 2690 438 2724 et
447 2681 511 2725 Serv.
524 2679 554 2724 ad
565 2681 614 2723 AEn.
627 2680 650 2735 l,
664 2694 716 2724 211.
730 2704 762 2714 -
776 2678 828 2740 765.
840 2677 932 2738 Halyn,
943 2679 1026 2735 Halia,
1037 2681 1089 2724 Ha·

45 2745 93 2802 ten,
104 2745 181 2802 Alam,
193 2745 264 2806 Atym
277 2749 303 2792 in
314 2747 383 2793 codd.
403 2746 488 2807 Halym
504 2749 583 2794 Heius.
603 2765 616 2794 e
635 2749 808 2796 vetustioribus.
822 2749 887 2794 ldem
905 2749 994 2810 confixa
1011 2760 1092 2794 tuetur

44 2831 123 2863 contra
133 2819 251 2875 Pieriam,
264 2821 306 2881 qui
315 2819 428 2881 probabat
437 2819 563 2880 confixum,
575 2819 639 2882 quod
649 2833 696 2866 ant.
709 2821 776 2874 edd,
786 2823 811 2864 iu
821 2819 857 2865 his
866 2819 918 2864 Ald.
930 2836 980 2881 pr„
993 2817 1093 2874 habent,

1 2889 4 2900 “
46 2901 68 2934 et
79 2889 167 2934 Medic.
181 2905 193 2934 a
206 2905 236 2933 m.
250 2905 296 2935 sec.
308 2889 429 2952 confexum
440 2889 545 2936 Perrhae.
557 2890 639 2951 etfixa
649 2889 747 2936 Dorvill.
763 2890 851 2950 confixa
863 2891 963 2951 primum
976 2898 1093 2933 exaratum

46 2957 203 3020 deprehendo
220 2961 246 3004 iu
262 2959 315 3005 Ald.
335 2972 388 3006 tert.
411 2959 482 3016 1514,
501 2960 608 3024 adeoque
627 2977 670 3022 per
681 2961 831 3021 Naugerium.
846 2983 877 2994 -
891 2957 943 3012 766.
957 2959 991 3001 M.
1005 2965 1094 3001 ruentes

46 3031 122 3091 Sprot.
134 3055 168 3066 -
180 3029 234 3092 767.
246 3032 319 3076 Totus
331 3046 409 3077 versus
421 3047 449 3076 ex
461 3032 562 3077 Homero
574 3045 698 3077 conversus
709 3028 776 3074 lliad.
792 3045 816 3084 t,
829 3027 887 3090 678,
897 3027 938 3072 scd
949 3029 998 3073 sine
1009 3026 1094 3089 depra-

46 3153 126 3205 immo
134 3173 199 3206 vero
208 3155 323 3206 infertur
330 3155 412 3207 telum
420 3155 548 3208 etvulnus
635 3155 693 3224 762.
704 3152 778 3204 Ordo
787 3163 839 3216 eet,
852 3152 939 3222 iuquit
949 3151 1020 3202 Serv.
1031 3173 1037 3202 t
1047 3151 1095 3201 Ex·

46 3251 60 3283 a
80 3235 139 3286 viro
162 3236 319 3286 fortissimo.
330 3267 363 3274 —
374 3235 433 3304 754.
453 3237 549 3288 vulnus
599 3236 664 3304 cipit
677 3231 759 3302 (inse
774 3231 933 3302 irruentem)
946 3245 972 3284 et
984 3231 1097 3284 succidit

47 3313 126 3381 quale
149 3314 223 3384 apud
241 3315 367 3385 Apellen.
390 3317 426 3379 ll,
447 3316 504 3381 104.
525 3329 551 3367 et
599 3313 782 3385 poplitem3ut
791 3329 849 3382 sup.
860 3313 909 3381 537
922 3313 1040 3365 Postibus
1048 3311 1098 3364 hoe·

47 3391 121 3460 apud
134 3393 282 3445 Homerum
294 3393 367 3445 hand
376 3412 430 3444 uno
440 3393 509 3446 loco.
518 3424 553 3432 -
601 3394 635 3446 sit
646 3391 734 3444 adesis.
748 3390 822 3443 ldem
834 3391 884 3460 763
898 3403 984 3462 raptas
995 3392 1051 3443 scil.
1065 3392 1099 3444 de

48 3471 107 3539 757.
119 3473 161 3521 zai
170 3471 197 3525 ta'
202 3493 237 3525 au
246 3473 340 3540 ἔπρησεν
350 3472 405 3540 πυρὶ
415 3487 465 3525 etc.
477 3471 551 3525 lliad.
603 3490 730 3524 caesornm
738 3469 960 3523 cadaveribus.—
967 3472 1025 3540 765.
1033 3469 1100 3523 Phe·

48 3549 80 3610 θ,
96 3567 148 3620 ²¹7
163 3569 218 3622 sq,
234 3564 260 3603 et
277 3553 331 3604 alia
345 3553 465 3623 exempla
477 3551 553 3604 lliad.
603 3570 798 3625 genm,parma
805 3550 928 3602 transfixa
936 3553 1099 3615 confossum,
1118 3559 1120 3564 '

49 3647 76 3688 ο,
96 3629 167 3695 454,
181 3642 208 3681 et
220 3649 255 3695 φ,
269 3630 329 3697 544.
350 3629 376 3681 si
395 3633 556 3683 meminisset
604 3644 630 3683 et
643 3631 694 3700 766
706 3629 869 3683 Alcandrurn
882 3643 908 3682 et
924 3645 1025 3683 ceteros
1035 3650 1102 3702 pug-

49 3707 159 3761 'l'urnus
178 3723 287 3781 portam
304 3713 384 3762 castri
395 3711 504 3780 Trojani
517 3731 557 3763 re·
605 3730 667 3762 nam
680 3707 809 3780 agitantes
818 3712 847 3760 in
856 3712 1042 3762 murisavcrsos
1052 3730 1102 3762 οω-

49 3788 165 3852 vellere,
175 3789 210 3840 ad
218 3807 281 3840 suos
292 3788 487 3858 admittendos,
500 3809 558 3842 cas-
606 3789 658 3855 dit,
670 3802 696 3840 at
705 3791 837 3860 Lynceum
844 3791 988 3852 adversum,
997 3818 1033 3829 -
1041 3791 1101 3860 767.

51 3879 123 3918 trum
135 3881 248 3940 captum
261 3871 355 3921 fuisset
371 3890 387 3922 a
400 3869 512 3922 Rutulis.
523 3899 558 3910 -
607 3868 696 3935 Quum
714 3869 758 3919 hic
778 3887 869 3922 versus
888 3869 923 3920 ad
942 3870 1053 3921 verbum
1072 3886 1105 3920 ex

53 3949 114 4016 760.
127 3962 156 4000 at
167 3949 212 4000 ille
222 3961 355 4001 occaecata
367 3963 454 4004 mente
465 3949 499 4003 ad
511 3968 560 4003 cae·
608 3951 724 4018 Homero
742 3966 884 4001 conversus
903 3951 936 4000 sit
953 3947 1021 4018 (vid.
1040 3948 1102 3998 Vae.

55 4023 119 4079 dem
130 4029 287 4084 faciendam
299 4029 359 4082 ruit.
609 4026 716 4098 Leon),
732 4028 822 4100 ibique
840 4027 921 4080 iidem
938 4026 1059 4078 homines
1071 4022 1105 4077 oh
