2690 4598
210 297 232 362 6
457 293 491 354 P.
516 289 748 368 VIRGlLll
771 289 1009 358 Mittunt&-

208 421 272 482 Per
283 416 418 480 tacitum
430 413 644 498 Ganges,.aut
654 410 769 498 pingui
782 409 918 476 llumine
931 414 1044 494 Nilus,

208 523 321 602 Quum
331 518 441 583 refluit
454 517 591 604 campis,
606 515 715 604 etjam
728 537 763 580 se
776 515 925 582 condidit
936 519 1040 583 alveo.
1112 536 1116 543 ·

210 630 272 692 Hic
285 626 427 690 subitam
438 625 533 711 nigro
545 621 717 710 glomerari
730 621 867 709 pulvere
879 623 1003 688 nubem
1016 641 1018 650 ⁴

209 731 417 819 Prospieiunt
428 727 565 806 Teucri,
578 749 616 792 ac
628 725 779 790 tenebras
792 727 961 816 insurgere
973 732 1107 819 eampis.

210 839 337 902 Primus
350 835 391 900 ab
403 833 542 901 adversa
552 833 733 899 conclamat
746 833 833 896 mole
845 834 960 900 Caicus
972 859 979 898 ε

213 945 317 1026 «Quis
330 942 461 1030 globus,
476 964 495 1005 ο
508 942 609 1020 cives,
623 941 761 1028 caligine
774 941 919 1006 volvitur
929 947 1012 1006 atm!

209 1053 305 1114 Ferte
318 1049 375 1113 citi
386 1048 524 1125 ferrum,
539 1046 614 1110 date
627 1047 705 1125 tela,
719 1045 865 1111 scandite
877 1071 1005 1128 muros,

211 1155 322 1220 Hostis
335 1153 441 1232 adest,
456 1153 519 1216 eial
532 1181 545 1209 υ
562 1153 691 1240 Ingenti
703 1152 845 1218 elamore
858 1176 917 1242 per
929 1155 1036 1220 omnis
1125 1186 1126 1190 ¹
1176 1201 1183 1226 .

166 1284 169 1292 ·
210 1259 366 1324 Condunt
379 1280 413 1322 se
426 1258 548 1322 Teucri
560 1273 685 1344 portas,
701 1274 733 1321 et
744 1261 864 1322 moenia
877 1261 1042 1348 conplent.

209 1369 360 1454 Namque
372 1366 418 1430 ita
429 1361 601 1428 discedens
613 1381 814 1451 praeceperat
826 1381 981 1456 optumus
993 1367 1090 1432 armis
1223 1381 1264 1438 te.
1335 1351 1336 1444 l

240 1506 278 1552 32.
302 1506 358 1550 Cum
374 1520 393 1548 r.
411 1506 465 1566 ripis
477 1505 552 1564 Bigot.
567 1515 590 1548 et
603 1503 672 1548 Goth.
686 1516 752 1560 tert,
769 1522 796 1551 ex
812 1509 1003 1568 interpretatione
1020 1523 1026 1552 ε
1042 1509 1102 1552 intra
1118 1509 1190 1568 ripas.
1207 1507 1257 1552 Sed
1335 1519 1336 1556 l

209 1576 288 1623 refluit
304 1576 383 1620 amuis
392 1589 404 1618 e
414 1575 512 1636 campis,
525 1573 721 1636 quouinundavit.
737 1574 789 1622 alvo
798 1577 879 1621 Franc.
889 1601 920 1612 ·-
932 1576 969 1622 33.
980 1576 1167 1624 subito-Perrhae.
1177 1576 1263 1622 nimbo
1335 1561 1336 1644 l

209 1667 231 1712 9.
248 1645 317 1692 Goth.
337 1656 389 1691 tert.
406 1661 535 1707 perperam.
551 1661 630 1708 mcqnu
637 1663 659 1708 q.
670 1646 730 1691 Gud.
742 1664 754 1692 a
764 1663 794 1692 m.
805 1664 840 1710 pr.
853 1651 876 1692 in
887 1646 978 1710 puluere
988 1649 1085 1695 Oudart.
1097 1675 1128 1684 —
1140 1649 1178 1705 34.
1191 1650 1258 1695 Con·
1335 1689 1336 1696 ,

210 1721 308 1782 spiciunt
320 1733 348 1778 pr
372 1717 496 1776 llamburg.
512 1716 631 1778 Aspiciam
643 1717 717 1778 nigor.
734 1730 757 1763 et
771 1718 839 1763 Goth.
855 1729 907 1763 tert.
920 1717 999 1784 --35,
1012 1717 1040 1762 alr
1052 1734 1131 1764 aversa
1148 1718 1258 1776 Zulielr.,
1335 1701 1336 1782 l

210 1788 278 1834 niele.
296 1789 366 1832 Recte
382 1788 445 1832 Serv.
462 1786 567 1840 adversa,
586 1801 638 1848 quae
654 1799 703 1832 erat
723 1803 787 1834 versa
808 1791 833 1833 in
853 1788 937 1834 hostes.
956 1804 976 1834 c.
994 1803 1047 1834 voce
1065 1789 1089 1833 C.
1110 1788 1181 1834 Goth.
1200 1800 1256 1836 tert.
1335 1833 1336 1854 ,

210 1874 263 1904 eum
273 1874 318 1904 sec.
330 1855 439 1903 Rottend.
451 1857 542 1915 Carcoe,
561 1857 648 1916 Caycus
664 1856 693 1901 al.
710 1859 749 1903 Est
760 1853 850 1907 Kaii'nce.
862 1883 893 1896 «-
904 1857 941 1920 37.
954 1859 1005 1902 date
1017 1857 1072 1913 telrr,
1090 1859 1192 1904 scurtclr'te
1203 1874 1258 1902 mu·
1335 1889 1336 1898 .

209 1947 260 1984 nos3
276 1931 326 1976 eine
340 1927 437 1990 copula,
453 1941 508 1975 vett.
523 1928 578 1976 edd.
593 1940 616 1973 et
630 1928 736 1974 codicum
751 1945 816 1990 part,
833 1930 897 1992 quod
911 1929 1033 1977 defensum
1046 1947 1059 1975 a
1073 1931 1151 1976 Pierio
1165 1942 1189 1975 et
1203 1929 1263 1974 aliis

210 2005 265 2050 uiris
275 2003 352 2056 doctis
363 2017 368 2046 z
381 2001 423 2046 aed
434 2002 579 2046 Burmannus
587 2013 666 2062 urget,
679 2000 759 2046 doceri
770 2002 847 2062 prino
859 2001 911 2049 loeo
923 2002 1022 2057 debere,
1033 2001 1127 2064 Virgilii
1137 2017 1193 2048 eure
1203 2017 1258 2047 ne·
1335 1991 1336 2064 l

210 2091 260 2122 rem
278 2075 348 2120 fuisse
367 2073 412 2118 lroe
428 2073 500 2120 modo
511 2072 657 2136 producendi
676 2072 787 2136 syllabam
802 2073 909 2129 brevem,
926 2089 996 2136 quem
1014 2076 1112 2122 sennes
1129 2076 1265 2135 scriptores
1335 2067 1336 2070 Ἰ

209 2148 303 2208 sequuti
315 2157 376 2190 sunt.
390 2145 503 2196 Codicum
514 2146 666 2190 vetustiorum
676 2145 737 2190 Pier.
750 2157 774 2190 et
783 2145 862 2194 Heiut-
879 2145 954 2204 (adde
964 2147 1045 2207 fragm.
1055 2147 1146 2204 Varie.)
1163 2157 1187 2192 et
1203 2147 1257 2192 Ma·

209 2215 282 2259 crobii
295 2216 419 2259 auctoritas
433 2227 512 2260 tuetur
527 2223 552 2258 et
564 2213 675 2268 scandite,
692 2213 756 2278 quod
773 2213 904 2260 defendunt
919 2217 1044 2260 Burmann.
1061 2227 1175 2277 uterque,
1195 2214 1258 2262 alter
1335 2237 1336 2284 ᾗ

210 2285 241 2329 ad
257 2284 380 2346 Antholog.
402 2301 425 2346 p.
447 2284 496 2330 135.
510 2285 601 2346 Frigere
619 2297 696 2334 tamen
707 2285 827 2347 copulam,
843 2289 922 2348 negari
931 2289 1030 2349 nequit:
1044 2298 1066 2332 et
1076 2298 1153 2348 potest
1164 2285 1204 2331 illa
1217 2289 1258 2332 in·
1335 2301 1336 2330 1

210 2367 270 2399 serta
282 2355 369 2410 videri,
385 2355 413 2398 ab
423 2357 450 2400 iis
462 2357 503 2418 qui
515 2366 589 2399 metro
601 2371 722 2416 perperam
734 2357 877 2402 metuebant.
890 2356 947 2412 Alii,
960 2359 994 2402 uti
1003 2355 1088 2401 Medic.
1101 2358 1194 2420 (inquo
1207 2355 1256 2403 div.
1335 2365 1336 2402 l

210 2424 335 2472 lectionem
346 2443 358 2470 a
368 2428 481 2488 Poggium
491 2437 593 2470 notatam
603 2442 651 2472 non
664 2427 744 2483 video,
763 2444 834 2492 qnam
846 2429 924 2486 Heius.
941 2431 1079 2486 memorat),
1098 2427 1187 2474 habent
1198 2446 1203 2475 :
1216 2446 1258 2476 as-
1335 2407 1336 2472 l

210 2495 296 2540 condite
303 2511 311 2539 .·
319 2496 383 2558 quod
392 2510 447 2540 sane
456 2497 556 2540 orationi
566 2495 668 2556 pedestri
677 2499 773 2558 propius
783 2509 849 2542 esset.
857 2499 884 2542 ln
893 2497 954 2542 Gud.
964 2498 1087 2552 numine,
1097 2495 1134 2543 rel
1143 2507 1259 2543 etasccn-
1335 2557 1336 2562 1

210 2565 268 2618 dite,·
284 2564 348 2612 unde
358 2565 437 2610 liciat.
448 2564 562 2624 reingere
574 2565 686 2621 malebat,
696 2567 818 2621 ascendite,-
832 2567 896 2629 quod
906 2567 1011 2614 sollenne
1024 2574 1058 2612 e'st
1067 2568 1132 2613 Livio
1142 2566 1264 2630 aliiuqne;,
1335 2607 1336 2614 ,

210 2634 285 2682 sedin
295 2635 390 2681 Marone
401 2633 506 2694 exempla
517 2635 751 2682 nauseesiderantur.
765 2639 827 2682 luter
843 2638 891 2684 hate
907 2637 977 2684 rideo
991 2636 1087 2698 quidem
1096 2637 1186 2699 ubique
1196 2637 1260 2683 ιιιὼ-Ι
1335 2619 1336 2668 l

125 2745 127 2749 ,
209 2721 258 2756 este
275 2704 357 2753 uleus:
375 2705 433 2752 nihil
448 2717 582 2752 tumentem
591 2718 660 2768 putre
675 2724 702 2755 ac
719 2706 854 2764 molestum,
871 2725 940 2770 quam
956 2707 1064 2770 copulam
1079 2724 1084 2752 :
1100 2707 1162 2754 hanc
1173 2710 1256 2770 itaque
1335 2731 1336 2758 y

143 2783 145 2790 '
210 2779 282 2838 ejeci,
295 2776 359 2841 quod
370 2790 393 2822 et
402 2778 531 2825 Brunckiut
540 2775 603 2824 feeit.
615 2804 647 2813 —
658 2778 695 2825 38.
706 2777 755 2824 leta
764 2779 847 2836 codd,
857 2780 955 2829 ntalihi.
968 2806 1000 2819 ι·-
1011 2780 1048 2842 39.
1057 2781 1128 2842 partis
1137 2791 1191 2826 tert.
1202 2781 1258 2826 lnt-

209 2847 273 2895 tend·
285 2847 349 2912 quod
360 2845 454 2910 vulgare
465 2860 531 2907 esset.

208 2967 294 3008 terum
305 2953 468 3009 delentibus
481 2967 507 3006 et
519 2967 576 3006 toto
592 2956 667 3008 alveo
680 2969 709 3008 et
753 2947 803 3030 per
810 2959 919 3010 utrinam
928 2956 1068 3028 jungebam
1078 2955 1254 3008 ntinnsbene.

209 3036 283 3088 ostiis
291 3035 391 3106 Gangis
400 3037 502 3086 ineerta
510 3051 566 3088 erat
574 3039 705 3089 narratio:
755 3038 844 3090 Verbo
858 3063 859 3066 ¹
872 3039 948 3090 Maro
974 3037 1087 3090 credidit
1112 3049 1140 3088 et
1162 3048 1258 3088 narrat

208 3131 232 3162 r.
247 3113 312 3164 Plin.
323 3115 370 3178 Vl,
384 3133 405 3166 s.
418 3132 464 3176 223
477 3127 504 3166 et
521 3129 645 3186 prostant
656 3116 708 3168 dis·
755 3118 873 3190 Gangem
885 3117 1009 3170 incedere
1026 3117 1106 3169 alveis
1118 3116 1211 3168 sedato
1229 3127 1258 3168 et
1335 3159 1336 3162 ,

208 3204 302 3261 putata
325 3210 340 3242 a
362 3195 425 3245 viris
449 3193 536 3251 doctis
554 3193 706 3259 d'Anville‚
754 3197 863 3268 placido
877 3215 970 3259 cnrsu3
991 3187 1144 3267 parimodo
1162 3196 1261 3246 Nilum

208 3268 319 3333 Rmnel,
327 3271 445 3336 Horren,
455 3287 482 3327 et
489 3293 560 3327 nune
568 3276 705 3339 Mannert,
754 3279 824 3328 intra
840 3277 945 3329 alveum
958 3279 1013 3346 jam
1032 3294 1060 3328 se
1080 3277 1259 3350 recipientem.

210 3349 243 3402 de
262 3347 338 3400 lndia
353 3362 409 3400 tum
421 3354 589 3422 antiquorum
602 3369 706 3427 tempo·
755 3375 786 3412 ea
795 3358 964 3410 incrementis
974 3358 1039 3407 suis.
1310 3348 1313 3353 ’

209 3446 282 3495 rum,
301 3440 357 3478 tum
369 3431 452 3483 etatis
462 3446 565 3486 nostrae.
582 3453 632 3505 per
642 3435 706 3485 tuci·
790 3436 832 3488 33.
846 3433 910 3501 ticet
919 3436 990 3490 terite
1001 3447 1027 3487 et
1040 3433 1124 3499 ὅμῖχλη
1135 3434 1260 3485 Homero
1335 3445 1336 3454 ¹

210 3519 277 3571 tum,
290 3525 321 3558 ex
331 3526 389 3578 sup.
404 3509 436 3573 it,
445 3512 544 3564 incedit
556 3516 635 3566 tacite
645 3535 650 3563 :
662 3525 704 3578 ut,
753 3517 887 3585 frequent.
901 3545 935 3556 -·-
946 3513 988 3566 35.
1001 3514 1151 3564 ubssadversc
1164 3509 1235 3562 mole
1244 3549 1257 3576 ,

208 3605 258 3656 per
269 3586 412 3652 silentium,
423 3609 470 3658 per
481 3605 595 3657 noctem,
608 3605 634 3646 et
647 3611 704 3664 quae
754 3598 820 3646 turri
843 3598 871 3648 in
903 3597 1049 3650 munitione
1074 3594 1254 3664 Trojanorum

208 3664 343 3719 Drakenb.
355 3666 389 3718 ad
399 3666 490 3721 Silium
501 3671 562 3735 XV,
585 3670 632 3738 145
644 3683 707 3742 pust
754 3673 805 3743 (cl.
821 3675 855 3726 ad
871 3693 895 3725 v.
917 3675 963 3746 13)
985 3676 1019 3728 ab
1038 3693 1069 3726 ea
1087 3685 1178 3743 parte,
1200 3689 1257 3742 qua
1335 3675 1336 3718 ἶ

189 3759 190 3762 ’
208 3745 346 3797 Heinsium
358 3746 478 3819 collegit,
490 3769 539 3820 per
555 3751 705 3815 occultum,
754 3754 841 3804 Latini
851 3753 1111 3820 accedebant-37.
1125 3751 1199 3803 ldem
1210 3769 1258 3803 eo-

209 3823 704 3900 persuhitumperlongum,utGraee.
754 3833 796 3884 lor
817 3836 943 3885 orationis
967 3836 1014 3898 tv,
1041 3833 1092 3902 594
1112 3833 1188 3884 Ferte
1206 3832 1255 3884 citi

194 3903 250 3956 'lte
260 3902 432 4039 {petrinum
442 3907 587 3974 ψιχίων,οῐ
600 3912 704 3964 similia.
745 3913 888 3990 flammat,
904 3915 962 3966 date
980 3913 1052 3978 vela,
1069 3910 1198 3983 impellite
1214 3914 1255 3962 ress
1335 3965 1336 3968 ,

208 3984 265 4042 lau
285 3999 314 4039 at
323 3985 427 4044 Servius
439 3989 567 4063 Asprum,
581 3989 707 4062 quialtus
754 4012 816 4048 mos.
825 4025 861 4035 -
874 3995 915 4052 38.
931 3997 973 4067 39.
986 3996 1129 4067 Recipiunt
1144 4012 1172 4048 se
1184 3995 1254 4046 Tro·
