<?xml version="1.0" encoding="UTF-8"?>
<!DOCTYPE html PUBLIC "-//W3C//DTD XHTML 1.0 Transitional//EN"
    "http://www.w3.org/TR/xhtml1/DTD/xhtml1-transitional.dtd">
<html xmlns="http://www.w3.org/1999/xhtml" xml:lang="en" lang="en">
 <head>
  <title>
</title>
<meta http-equiv="Content-Type" content="text/html;charset=utf-8" />
  <meta name='ocr-system' content='tesseract 3.04.00' />
  <meta name='ocr-capabilities' content='ocr_page ocr_carea ocr_par ocr_line ocrx_word'/>
</head>
<body>
  <div class='ocr_page' id='page_1' title='image "./pvirgiliusmaroq03barbgoog_0022.png"; bbox 0 0 2690 4598; ppageno 0'>
   <div class='ocr_carea' id='block_1_1' title="bbox 239 264 1024 358">
    <p class='ocr_par' dir='ltr' id='par_1_1' title="bbox 239 264 1024 358">
     <span class='ocr_line' id='line_1_1' title="bbox 239 264 1024 358; baseline 0.004 -6"><span class='ocrx_word' id='word_1_1' title='bbox 239 307 277 358; x_wconf 69' lang='grc' dir='ltr'><strong>ιο</strong></span> <span class='ocrx_word' id='word_1_2' title='bbox 480 290 514 351; x_wconf 79' lang='lat' dir='ltr'><strong>r.</strong></span> <span class='ocrx_word' id='word_1_3' title='bbox 539 286 770 350; x_wconf 81' lang='lat' dir='ltr'><strong>vrnuttu</strong></span> <span class='ocrx_word' id='word_1_4' title='bbox 793 264 1024 355; x_wconf 73' lang='lat' dir='ltr'><strong>Minonis</strong></span> 
     </span>
    </p>
   </div>
   <div class='ocr_carea' id='block_1_2' title="bbox 227 409 1284 1030">
    <p class='ocr_par' dir='ltr' id='par_1_2' title="bbox 227 409 1284 1030">
     <span class='ocr_line' id='line_1_2' title="bbox 232 409 1029 502; baseline -0.001 -23"><span class='ocrx_word' id='word_1_5' title='bbox 232 415 356 479; x_wconf 89' lang='lat' dir='ltr'><strong>Dicite:</strong></span> <span class='ocrx_word' id='word_1_6' title='bbox 369 413 475 502; x_wconf 85' lang='lat' dir='ltr'><strong>prisca</strong></span> <span class='ocrx_word' id='word_1_7' title='bbox 486 411 569 477; x_wconf 85' lang='lat' dir='ltr'><strong>fides</strong></span> <span class='ocrx_word' id='word_1_8' title='bbox 582 413 683 491; x_wconf 62' lang='lat' dir='ltr'><strong>ficto,</strong></span> <span class='ocrx_word' id='word_1_9' title='bbox 696 409 755 476; x_wconf 88' lang='lat' dir='ltr'><strong>sed</strong></span> <span class='ocrx_word' id='word_1_10' title='bbox 768 412 852 476; x_wconf 83' lang='lat' dir='ltr'><strong>lama</strong></span> <span class='ocrx_word' id='word_1_11' title='bbox 866 415 1029 500; x_wconf 84' lang='lat' dir='ltr'><strong>perennis.</strong></span> 
     </span>
     <span class='ocr_line' id='line_1_3' title="bbox 276 516 1284 608; baseline -0.002 -24"><span class='ocrx_word' id='word_1_12' title='bbox 276 523 441 608; x_wconf 84' lang='lat' dir='ltr'><strong>Tempore</strong></span> <span class='ocrx_word' id='word_1_13' title='bbox 453 542 520 608; x_wconf 87' lang='lat' dir='ltr'><strong>quo</strong></span> <span class='ocrx_word' id='word_1_14' title='bbox 532 519 677 606; x_wconf 87' lang='lat' dir='ltr'><strong>primum-</strong></span> <span class='ocrx_word' id='word_1_15' title='bbox 688 516 827 606; x_wconf 78' lang='lat' dir='ltr'><strong>Phrygia</strong></span> <span class='ocrx_word' id='word_1_16' title='bbox 838 518 999 584; x_wconf 79' lang='lat' dir='ltr'><strong>formabat</strong></span> <span class='ocrx_word' id='word_1_17' title='bbox 1011 521 1045 583; x_wconf 88' lang='lat' dir='ltr'><strong>in</strong></span> <span class='ocrx_word' id='word_1_18' title='bbox 1057 519 1116 585; x_wconf 88' lang='lat' dir='ltr'><strong>lda</strong></span> <span class='ocrx_word' id='word_1_19' title='bbox 1252 533 1284 582; x_wconf 76' lang='lat'><strong>80</strong></span> 
     </span>
     <span class='ocr_line' id='line_1_4' title="bbox 230 623 1036 712; baseline -0.001 -22"><span class='ocrx_word' id='word_1_20' title='bbox 230 628 347 690; x_wconf 86' lang='lat' dir='ltr'><strong>AEneas</strong></span> <span class='ocrx_word' id='word_1_21' title='bbox 359 626 509 704; x_wconf 83' lang='lat' dir='ltr'><strong>classem,</strong></span> <span class='ocrx_word' id='word_1_22' title='bbox 526 641 558 688; x_wconf 84' lang='lat' dir='ltr'><strong>et</strong></span> <span class='ocrx_word' id='word_1_23' title='bbox 569 623 676 712; x_wconf 74' lang='lat' dir='ltr'><strong>pelagi</strong></span> <span class='ocrx_word' id='word_1_24' title='bbox 688 638 801 710; x_wconf 89' lang='lat' dir='ltr'><strong>petere</strong></span> <span class='ocrx_word' id='word_1_25' title='bbox 814 623 877 688; x_wconf 88' lang='lat' dir='ltr'><strong>alta</strong></span> <span class='ocrx_word' id='word_1_26' title='bbox 889 625 1036 712; x_wconf 84' lang='lat' dir='ltr'><strong>parabat,</strong></span> 
     </span>
     <span class='ocr_line' id='line_1_5' title="bbox 230 730 1063 820; baseline -0.001 -25"><span class='ocrx_word' id='word_1_27' title='bbox 230 733 305 820; x_wconf 84' lang='lat' dir='ltr'><strong>Ipsa</strong></span> <span class='ocrx_word' id='word_1_28' title='bbox 317 731 417 795; x_wconf 88' lang='lat' dir='ltr'><strong>deum</strong></span> <span class='ocrx_word' id='word_1_29' title='bbox 430 731 534 795; x_wconf 84' lang='lat' dir='ltr'><strong>fertur</strong></span> <span class='ocrx_word' id='word_1_30' title='bbox 545 730 693 818; x_wconf 78' lang='lat' dir='ltr'><strong>genetrix</strong></span> <span class='ocrx_word' id='word_1_31' title='bbox 704 731 895 819; x_wconf 77' lang='lat' dir='ltr'><strong>Berecyntia</strong></span> <span class='ocrx_word' id='word_1_32' title='bbox 906 753 1063 818; x_wconf 75' lang='lat' dir='ltr'><strong>magnum</strong></span> 
     </span>
     <span class='ocr_line' id='line_1_6' title="bbox 228 833 1073 922; baseline 0 -24"><span class='ocrx_word' id='word_1_33' title='bbox 228 835 373 900; x_wconf 86' lang='lat' dir='ltr'>Vocibus</span> <span class='ocrx_word' id='word_1_34' title='bbox 386 835 438 900; x_wconf 89' lang='lat' dir='ltr'><strong>his</strong></span> <span class='ocrx_word' id='word_1_35' title='bbox 449 833 557 899; x_wconf 80' lang='lat' dir='ltr'>adfata</span> <span class='ocrx_word' id='word_1_36' title='bbox 568 836 705 899; x_wconf 89' lang='lat' dir='ltr'><strong>Jovern:</strong></span> <span class='ocrx_word' id='word_1_37' title='bbox 723 863 735 892; x_wconf 78' lang='grc' dir='ltr'><strong>α</strong></span> <span class='ocrx_word' id='word_1_38' title='bbox 750 836 813 912; x_wconf 90' lang='lat' dir='ltr'><strong>Da,</strong></span> <span class='ocrx_word' id='word_1_39' title='bbox 827 851 918 912; x_wconf 89' lang='lat' dir='ltr'><strong>nate,</strong></span> <span class='ocrx_word' id='word_1_40' title='bbox 932 835 1073 922; x_wconf 87' lang='lat' dir='ltr'><strong>petenti,</strong></span> 
     </span>
     <span class='ocr_line' id='line_1_7' title="bbox 227 939 1074 1030; baseline -0.001 -26"><span class='ocrx_word' id='word_1_41' title='bbox 227 940 326 1023; x_wconf 91' lang='lat' dir='ltr'><strong>Quod</strong></span> <span class='ocrx_word' id='word_1_42' title='bbox 338 959 392 1006; x_wconf 88' lang='lat' dir='ltr'><strong>tua</strong></span> <span class='ocrx_word' id='word_1_43' title='bbox 405 964 478 1006; x_wconf 87' lang='lat' dir='ltr'><strong>cara</strong></span> <span class='ocrx_word' id='word_1_44' title='bbox 489 963 607 1030; x_wconf 86' lang='lat' dir='ltr'><strong>parens</strong></span> <span class='ocrx_word' id='word_1_45' title='bbox 620 940 747 1006; x_wconf 90' lang='lat' dir='ltr'><strong>domito</strong></span> <span class='ocrx_word' id='word_1_46' title='bbox 760 956 792 1006; x_wconf 91' lang='lat' dir='ltr'><strong>te</strong></span> <span class='ocrx_word' id='word_1_47' title='bbox 804 940 910 1028; x_wconf 88' lang='lat' dir='ltr'><strong>poscit</strong></span> <span class='ocrx_word' id='word_1_48' title='bbox 921 939 1074 1030; x_wconf 78' lang='lat' dir='ltr'><strong>Olympo.</strong></span> 
     </span>
    </p>
   </div>
   <div class='ocr_carea' id='block_1_3' title="bbox 225 1096 1284 1446">
    <p class='ocr_par' dir='ltr' id='par_1_3' title="bbox 225 1096 1284 1446">
     <span class='ocr_line' id='line_1_8' title="bbox 227 1096 1282 1164; baseline 0 -19"><span class='ocrx_word' id='word_1_49' title='bbox 227 1115 281 1145; x_wconf 88' lang='lat' dir='ltr'><strong>eum</strong></span> <span class='ocrx_word' id='word_1_50' title='bbox 300 1100 369 1146; x_wconf 81' lang='lat' dir='ltr'><strong>Goth.</strong></span> <span class='ocrx_word' id='word_1_51' title='bbox 388 1117 433 1147; x_wconf 80' lang='lat' dir='ltr'><strong>see.</strong></span> <span class='ocrx_word' id='word_1_52' title='bbox 452 1103 494 1164; x_wconf 78' lang='lat' dir='ltr'><strong>qui</strong></span> <span class='ocrx_word' id='word_1_53' title='bbox 507 1099 567 1145; x_wconf 88' lang='lat' dir='ltr'><strong>Ven.</strong></span> <span class='ocrx_word' id='word_1_54' title='bbox 587 1096 669 1145; x_wconf 78' lang='lat' dir='ltr'><strong>detulit</strong></span> <span class='ocrx_word' id='word_1_55' title='bbox 680 1097 772 1160; x_wconf 73' lang='lat' dir='ltr'><strong>Menag.</strong></span> <span class='ocrx_word' id='word_1_56' title='bbox 785 1115 821 1160; x_wconf 92' lang='lat' dir='ltr'><strong>pr.</strong></span> <span class='ocrx_word' id='word_1_57' title='bbox 832 1123 864 1134; x_wconf 89' lang='lat'>—</span> <span class='ocrx_word' id='word_1_58' title='bbox 876 1114 912 1160; x_wconf 88' lang='lat'><strong>79.</strong></span> <span class='ocrx_word' id='word_1_59' title='bbox 926 1099 1011 1144; x_wconf 66' lang='lat' dir='ltr'><strong>Ducite</strong></span> <span class='ocrx_word' id='word_1_60' title='bbox 1025 1097 1113 1160; x_wconf 79' lang='lat' dir='ltr'>aliquot</span> <span class='ocrx_word' id='word_1_61' title='bbox 1126 1099 1207 1142; x_wconf 86' lang='lat' dir='ltr'><strong>Burm.</strong></span> <span class='ocrx_word' id='word_1_62' title='bbox 1220 1115 1282 1146; x_wconf 76' lang='lat' dir='ltr'><strong>cum</strong></span> 
     </span>
     <span class='ocr_line' id='line_1_9' title="bbox 227 1168 1281 1232; baseline -0.001 -18"><span class='ocrx_word' id='word_1_63' title='bbox 227 1169 296 1215; x_wconf 85' lang='lat' dir='ltr'><strong>Goth.</strong></span> <span class='ocrx_word' id='word_1_64' title='bbox 309 1183 374 1227; x_wconf 79' lang='lat' dir='ltr'><strong>tert,</strong></span> <span class='ocrx_word' id='word_1_65' title='bbox 391 1171 493 1217; x_wconf 85' lang='lat' dir='ltr'><strong>indocte.</strong></span> <span class='ocrx_word' id='word_1_66' title='bbox 504 1169 719 1232; x_wconf 66' lang='lat' dir='ltr'><strong>puscofidesfacto</strong></span> <span class='ocrx_word' id='word_1_67' title='bbox 730 1178 765 1215; x_wconf 82' lang='lat' dir='ltr'><strong>est</strong></span> <span class='ocrx_word' id='word_1_68' title='bbox 775 1168 826 1230; x_wconf 79' lang='lat' dir='ltr'><strong>ets.</strong></span> <span class='ocrx_word' id='word_1_69' title='bbox 838 1185 861 1231; x_wconf 86' lang='lat' dir='ltr'><strong>p.</strong></span> <span class='ocrx_word' id='word_1_70' title='bbox 876 1172 939 1230; x_wconf 86' lang='lat' dir='ltr'><strong>conj.</strong></span> <span class='ocrx_word' id='word_1_71' title='bbox 949 1168 1069 1215; x_wconf 81' lang='lat' dir='ltr'><strong>Waddelii</strong></span> <span class='ocrx_word' id='word_1_72' title='bbox 1080 1168 1204 1214; x_wconf 80' lang='lat' dir='ltr'><strong>Animadr.</strong></span> <span class='ocrx_word' id='word_1_73' title='bbox 1216 1170 1281 1215; x_wconf 86' lang='lat' dir='ltr'><strong>Crit.</strong></span> 
     </span>
     <span class='ocr_line' id='line_1_10' title="bbox 225 1237 1284 1304; baseline 0 -20"><span class='ocrx_word' id='word_1_74' title='bbox 225 1257 250 1302; x_wconf 91' lang='lat' dir='ltr'><strong>p.</strong></span> <span class='ocrx_word' id='word_1_75' title='bbox 265 1255 306 1302; x_wconf 82' lang='lat'><strong>27,</strong></span> <span class='ocrx_word' id='word_1_76' title='bbox 319 1242 391 1304; x_wconf 85' lang='lat' dir='ltr'><strong>idque</strong></span> <span class='ocrx_word' id='word_1_77' title='bbox 402 1241 668 1304; x_wconf 71' lang='lat' dir='ltr'><strong>recepitCuningham.,</strong></span> <span class='ocrx_word' id='word_1_78' title='bbox 680 1240 722 1286; x_wconf 86' lang='lat' dir='ltr'><strong>sed</strong></span> <span class='ocrx_word' id='word_1_79' title='bbox 733 1239 780 1286; x_wconf 84' lang='lat' dir='ltr'><strong>vid.</strong></span> <span class='ocrx_word' id='word_1_80' title='bbox 793 1239 918 1302; x_wconf 80' lang='lat' dir='ltr'><strong>Notfucto</strong></span> <span class='ocrx_word' id='word_1_81' title='bbox 929 1240 1034 1285; x_wconf 70' lang='lat' dir='ltr'><strong>sillium.</strong></span> <span class='ocrx_word' id='word_1_82' title='bbox 1047 1255 1074 1284; x_wconf 82' lang='lat' dir='ltr'><strong>ex</strong></span> <span class='ocrx_word' id='word_1_83' title='bbox 1085 1248 1126 1284; x_wconf 84' lang='lat' dir='ltr'><strong>set.</strong></span> <span class='ocrx_word' id='word_1_84' title='bbox 1142 1264 1171 1273; x_wconf 96' lang='lat'><strong>—</strong></span> <span class='ocrx_word' id='word_1_85' title='bbox 1185 1237 1225 1284; x_wconf 79' lang='lat'><strong>82.</strong></span> <span class='ocrx_word' id='word_1_86' title='bbox 1236 1255 1284 1304; x_wconf 73' lang='lat' dir='ltr'><strong>qe-</strong></span> 
     </span>
     <span class='ocr_line' id='line_1_11' title="bbox 225 1307 1281 1374; baseline 0.002 -20"><span class='ocrx_word' id='word_1_87' title='bbox 225 1312 382 1374; x_wconf 75' lang='lat' dir='ltr'><strong>netriesertur</strong></span> <span class='ocrx_word' id='word_1_88' title='bbox 395 1313 459 1355; x_wconf 83' lang='lat' dir='ltr'><strong>llum.</strong></span> <span class='ocrx_word' id='word_1_89' title='bbox 465 1345 473 1367; x_wconf 92' lang='lat'><strong>,</strong></span> <span class='ocrx_word' id='word_1_90' title='bbox 488 1323 511 1356; x_wconf 87' lang='lat' dir='ltr'><strong>et</strong></span> <span class='ocrx_word' id='word_1_91' title='bbox 522 1313 554 1356; x_wconf 86' lang='lat' dir='ltr'><strong>sic</strong></span> <span class='ocrx_word' id='word_1_92' title='bbox 565 1309 634 1355; x_wconf 84' lang='lat' dir='ltr'><strong>Goth.</strong></span> <span class='ocrx_word' id='word_1_93' title='bbox 644 1327 680 1372; x_wconf 89' lang='lat' dir='ltr'><strong>pr.</strong></span> <span class='ocrx_word' id='word_1_94' title='bbox 691 1335 723 1346; x_wconf 90' lang='lat'><strong>-·</strong></span> <span class='ocrx_word' id='word_1_95' title='bbox 735 1308 772 1355; x_wconf 84' lang='lat'><strong>83.</strong></span> <span class='ocrx_word' id='word_1_96' title='bbox 787 1309 837 1365; x_wconf 85' lang='lat' dir='ltr'><strong>Du,</strong></span> <span class='ocrx_word' id='word_1_97' title='bbox 851 1326 874 1353; x_wconf 81' lang='lat' dir='ltr'><strong>n.</strong></span> <span class='ocrx_word' id='word_1_98' title='bbox 886 1313 976 1372; x_wconf 76' lang='lat' dir='ltr'><strong>putenti</strong></span> <span class='ocrx_word' id='word_1_99' title='bbox 983 1307 1053 1354; x_wconf 86' lang='lat' dir='ltr'><strong>Goth.</strong></span> <span class='ocrx_word' id='word_1_100' title='bbox 1066 1320 1118 1353; x_wconf 86' lang='lat' dir='ltr'><strong>tert.</strong></span> <span class='ocrx_word' id='word_1_101' title='bbox 1132 1317 1201 1372; x_wconf 76' lang='lat' dir='ltr'><strong>quate</strong></span> <span class='ocrx_word' id='word_1_102' title='bbox 1213 1325 1281 1356; x_wconf 78' lang='lat' dir='ltr'><strong>unus</strong></span> 
     </span>
     <span class='ocr_line' id='line_1_12' title="bbox 225 1379 1280 1446; baseline 0.002 -22"><span class='ocrx_word' id='word_1_103' title='bbox 225 1379 317 1443; x_wconf 71' lang='lat' dir='ltr'><strong>Menag.</strong></span> <span class='ocrx_word' id='word_1_104' title='bbox 331 1382 370 1427; x_wconf 82' lang='lat' dir='ltr'><strong>alt.</strong></span> <span class='ocrx_word' id='word_1_105' title='bbox 382 1405 413 1418; x_wconf 90' lang='lat'><strong>-—</strong></span> <span class='ocrx_word' id='word_1_106' title='bbox 424 1382 462 1439; x_wconf 68' lang='lat'><strong>84„</strong></span> <span class='ocrx_word' id='word_1_107' title='bbox 472 1385 521 1446; x_wconf 75' lang='lat' dir='ltr'><strong>jam</strong></span> <span class='ocrx_word' id='word_1_108' title='bbox 531 1384 603 1443; x_wconf 83' lang='lat' dir='ltr'><strong>poscit</strong></span> <span class='ocrx_word' id='word_1_109' title='bbox 613 1382 673 1427; x_wconf 88' lang='lat' dir='ltr'><strong>Ven.</strong></span> <span class='ocrx_word' id='word_1_110' title='bbox 686 1381 784 1428; x_wconf 74' lang='lat' dir='ltr'><strong>domitor</strong></span> <span class='ocrx_word' id='word_1_111' title='bbox 793 1391 813 1428; x_wconf 85' lang='lat' dir='ltr'><strong>te</strong></span> <span class='ocrx_word' id='word_1_112' title='bbox 823 1397 847 1443; x_wconf 84' lang='lat' dir='ltr'><strong>p.</strong></span> <span class='ocrx_word' id='word_1_113' title='bbox 859 1380 950 1444; x_wconf 73' lang='lat' dir='ltr'><strong>Olympi</strong></span> <span class='ocrx_word' id='word_1_114' title='bbox 962 1379 1069 1426; x_wconf 87' lang='lat' dir='ltr'><strong>Waddel.</strong></span> <span class='ocrx_word' id='word_1_115' title='bbox 1080 1379 1152 1435; x_wconf 67' lang='lat' dir='ltr'><strong>ibid„</strong></span> <span class='ocrx_word' id='word_1_116' title='bbox 1163 1381 1280 1441; x_wconf 72' lang='lat' dir='ltr'><strong>ingenio·</strong></span> 
     </span>
    </p>
   </div>
   <div class='ocr_carea' id='block_1_4' title="bbox 167 1519 1336 4056">
    <p class='ocr_par' dir='ltr' id='par_1_4' title="bbox 167 1519 1316 2549">
     <span class='ocr_line' id='line_1_13' title="bbox 225 1519 1280 1592; baseline 0 -22"><span class='ocrx_word' id='word_1_117' title='bbox 225 1537 307 1590; x_wconf 87' lang='lat' dir='ltr'><strong>quum</strong></span> <span class='ocrx_word' id='word_1_118' title='bbox 316 1534 417 1577; x_wconf 83' lang='lat' dir='ltr'><strong>veteres</strong></span> <span class='ocrx_word' id='word_1_119' title='bbox 426 1520 459 1572; x_wconf 91' lang='lat' dir='ltr'><strong>de</strong></span> <span class='ocrx_word' id='word_1_120' title='bbox 467 1523 553 1573; x_wconf 78' lang='lat' dir='ltr'><strong>AEneae</strong></span> <span class='ocrx_word' id='word_1_121' title='bbox 561 1521 675 1573; x_wconf 86' lang='lat' dir='ltr'><strong>adventu</strong></span> <span class='ocrx_word' id='word_1_122' title='bbox 684 1521 723 1572; x_wconf 84' lang='lat' dir='ltr'><strong>la·</strong></span> <span class='ocrx_word' id='word_1_123' title='bbox 772 1523 799 1574; x_wconf 90' lang='lat' dir='ltr'><strong>in</strong></span> <span class='ocrx_word' id='word_1_124' title='bbox 813 1521 936 1592; x_wconf 87' lang='lat' dir='ltr'><strong>scopulos</strong></span> <span class='ocrx_word' id='word_1_125' title='bbox 956 1520 1037 1571; x_wconf 87' lang='lat' dir='ltr'><strong>versis</strong></span> <span class='ocrx_word' id='word_1_126' title='bbox 1055 1519 1187 1569; x_wconf 84' lang='lat' dir='ltr'><strong>Homerus</strong></span> <span class='ocrx_word' id='word_1_127' title='bbox 1200 1522 1280 1570; x_wconf 79' lang='lat' dir='ltr'><strong>navi·</strong></span> 
     </span>
     <span class='ocr_line' id='line_1_14' title="bbox 167 1596 1278 1674; baseline 0.002 -24"><span class='ocrx_word' id='word_1_128' title='bbox 167 1596 169 1602; x_wconf 77' lang='grc'><strong>’</strong></span> <span class='ocrx_word' id='word_1_129' title='bbox 223 1598 302 1668; x_wconf 77' lang='lat' dir='ltr'><strong>bulas</strong></span> <span class='ocrx_word' id='word_1_130' title='bbox 321 1618 370 1670; x_wconf 91' lang='lat' dir='ltr'><strong>pro</strong></span> <span class='ocrx_word' id='word_1_131' title='bbox 390 1603 499 1672; x_wconf 78' lang='lat' dir='ltr'><strong>gemmis</strong></span> <span class='ocrx_word' id='word_1_132' title='bbox 517 1614 544 1654; x_wconf 90' lang='lat' dir='ltr'><strong>et</strong></span> <span class='ocrx_word' id='word_1_133' title='bbox 560 1601 670 1653; x_wconf 87' lang='lat' dir='ltr'><strong>stellulis</strong></span> <span class='ocrx_word' id='word_1_134' title='bbox 685 1603 723 1652; x_wconf 89' lang='lat' dir='ltr'><strong>in·</strong></span> <span class='ocrx_word' id='word_1_135' title='bbox 771 1605 904 1674; x_wconf 75' lang='lat' dir='ltr'><strong>gerionem</strong></span> <span class='ocrx_word' id='word_1_136' title='bbox 921 1600 1099 1652; x_wconf 83' lang='lat' dir='ltr'><strong>Phaeaeumin</strong></span> <span class='ocrx_word' id='word_1_137' title='bbox 1111 1599 1278 1652; x_wconf 80' lang='lat' dir='ltr'><strong>miraculum</strong></span> 
     </span>
     <span class='ocr_line' id='line_1_15' title="bbox 223 1677 1276 1754; baseline 0.002 -25"><span class='ocrx_word' id='word_1_138' title='bbox 223 1691 312 1732; x_wconf 84' lang='lat' dir='ltr'><strong>texere</strong></span> <span class='ocrx_word' id='word_1_139' title='bbox 325 1681 383 1732; x_wconf 84' lang='lat' dir='ltr'><strong>telae</strong></span> <span class='ocrx_word' id='word_1_140' title='bbox 395 1699 447 1732; x_wconf 82' lang='lat' dir='ltr'><strong>suae</strong></span> <span class='ocrx_word' id='word_1_141' title='bbox 459 1681 540 1734; x_wconf 85' lang='lat' dir='ltr'><strong>semel</strong></span> <span class='ocrx_word' id='word_1_142' title='bbox 552 1684 720 1754; x_wconf 75' lang='lat' dir='ltr'><strong>suscepisset.</strong></span> <span class='ocrx_word' id='word_1_143' title='bbox 771 1695 939 1734; x_wconf 84' lang='lat' dir='ltr'><strong>converterat</strong></span> <span class='ocrx_word' id='word_1_144' title='bbox 951 1678 1033 1751; x_wconf 77' lang='lat' dir='ltr'><strong>Odys.</strong></span> <span class='ocrx_word' id='word_1_145' title='bbox 1047 1679 1082 1739; x_wconf 71' lang='grc' dir='ltr'><strong>θ,</strong></span> <span class='ocrx_word' id='word_1_146' title='bbox 1100 1677 1150 1746; x_wconf 85' lang='grc'><strong>557</strong></span> <span class='ocrx_word' id='word_1_147' title='bbox 1161 1707 1196 1716; x_wconf 89' lang='grc'>-</span> <span class='ocrx_word' id='word_1_148' title='bbox 1210 1679 1276 1746; x_wconf 78' lang='lat'><em>564.</em></span> 
     </span>
     <span class='ocr_line' id='line_1_16' title="bbox 222 1757 1278 1833; baseline 0.003 -24"><span class='ocrx_word' id='word_1_149' title='bbox 222 1758 279 1810; x_wconf 83' lang='lat' dir='ltr'><strong>Nec</strong></span> <span class='ocrx_word' id='word_1_150' title='bbox 290 1759 317 1810; x_wconf 88' lang='lat' dir='ltr'><strong>id</strong></span> <span class='ocrx_word' id='word_1_151' title='bbox 330 1762 418 1816; x_wconf 83' lang='lat' dir='ltr'><strong>facere</strong></span> <span class='ocrx_word' id='word_1_152' title='bbox 435 1774 574 1814; x_wconf 81' lang='lat' dir='ltr'><strong>cunctatus</strong></span> <span class='ocrx_word' id='word_1_153' title='bbox 590 1775 629 1814; x_wconf 86' lang='lat' dir='ltr'><strong>est</strong></span> <span class='ocrx_word' id='word_1_154' title='bbox 640 1761 719 1814; x_wconf 79' lang='lat' dir='ltr'><strong>Ovid.</strong></span> <span class='ocrx_word' id='word_1_155' title='bbox 806 1780 847 1833; x_wconf 87' lang='lat'><strong>79.</strong></span> <span class='ocrx_word' id='word_1_156' title='bbox 860 1757 1023 1832; x_wconf 79' lang='lat' dir='ltr'><strong>Priscafides</strong></span> <span class='ocrx_word' id='word_1_157' title='bbox 1029 1757 1116 1828; x_wconf 82' lang='lat' dir='ltr'><strong>sacto,</strong></span> <span class='ocrx_word' id='word_1_158' title='bbox 1127 1759 1172 1810; x_wconf 79' lang='lat' dir='ltr'><strong>sed</strong></span> <span class='ocrx_word' id='word_1_159' title='bbox 1179 1758 1202 1827; x_wconf 83' lang='lat' dir='ltr'><strong>s.</strong></span> <span class='ocrx_word' id='word_1_160' title='bbox 1215 1777 1278 1812; x_wconf 88' lang='lat' dir='ltr'><strong>non</strong></span> 
     </span>
     <span class='ocr_line' id='line_1_17' title="bbox 221 1838 1276 1915; baseline 0.002 -27"><span class='ocrx_word' id='word_1_161' title='bbox 221 1838 286 1889; x_wconf 89' lang='lat' dir='ltr'><strong>Met.</strong></span> <span class='ocrx_word' id='word_1_162' title='bbox 304 1839 372 1891; x_wconf 89' lang='lat' dir='ltr'><strong>XlV.</strong></span> <span class='ocrx_word' id='word_1_163' title='bbox 390 1842 535 1915; x_wconf 66' lang='lat' dir='ltr'><strong>lustructus</strong></span> <span class='ocrx_word' id='word_1_164' title='bbox 553 1859 659 1911; x_wconf 87' lang='lat' dir='ltr'><strong>quoque</strong></span> <span class='ocrx_word' id='word_1_165' title='bbox 681 1851 720 1892; x_wconf 81' lang='lat' dir='ltr'><strong>est</strong></span> <span class='ocrx_word' id='word_1_166' title='bbox 770 1843 958 1914; x_wconf 84' lang='lat' dir='ltr'><strong>capiuntServ.</strong></span> <span class='ocrx_word' id='word_1_167' title='bbox 970 1853 995 1891; x_wconf 85' lang='lat' dir='ltr'><strong>et</strong></span> <span class='ocrx_word' id='word_1_168' title='bbox 1006 1839 1059 1890; x_wconf 86' lang='lat' dir='ltr'><strong>alii.</strong></span> <span class='ocrx_word' id='word_1_169' title='bbox 1070 1839 1146 1890; x_wconf 84' lang='lat' dir='ltr'><strong>Fides</strong></span> <span class='ocrx_word' id='word_1_170' title='bbox 1154 1852 1194 1891; x_wconf 88' lang='lat' dir='ltr'><strong>est</strong></span> <span class='ocrx_word' id='word_1_171' title='bbox 1204 1842 1276 1909; x_wconf 81' lang='lat' dir='ltr'><strong>ejus,</strong></span> 
     </span>
     <span class='ocr_line' id='line_1_18' title="bbox 223 1915 1276 1993; baseline 0.004 -27"><span class='ocrx_word' id='word_1_172' title='bbox 223 1915 310 1968; x_wconf 87' lang='lat' dir='ltr'><strong>aditus</strong></span> <span class='ocrx_word' id='word_1_173' title='bbox 319 1919 353 1970; x_wconf 87' lang='lat' dir='ltr'><strong>ad</strong></span> <span class='ocrx_word' id='word_1_174' title='bbox 361 1919 560 1972; x_wconf 85' lang='lat' dir='ltr'><strong>fabulamhaud</strong></span> <span class='ocrx_word' id='word_1_175' title='bbox 568 1919 719 1986; x_wconf 78' lang='lat' dir='ltr'><strong>male2Quo</strong></span> <span class='ocrx_word' id='word_1_176' title='bbox 770 1924 815 1993; x_wconf 89' lang='lat' dir='ltr'><strong>qni</strong></span> <span class='ocrx_word' id='word_1_177' title='bbox 832 1919 934 1991; x_wconf 87' lang='lat' dir='ltr'><strong>aliquid</strong></span> <span class='ocrx_word' id='word_1_178' title='bbox 952 1919 1049 1983; x_wconf 87' lang='lat' dir='ltr'><strong>tradit,</strong></span> <span class='ocrx_word' id='word_1_179' title='bbox 1069 1917 1111 1970; x_wconf 87' lang='lat' dir='ltr'><strong>vel</strong></span> <span class='ocrx_word' id='word_1_180' title='bbox 1133 1920 1189 1982; x_wconf 89' lang='lat' dir='ltr'><strong>rei,</strong></span> <span class='ocrx_word' id='word_1_181' title='bbox 1211 1935 1276 1988; x_wconf 83' lang='lat' dir='ltr'><strong>qute</strong></span> 
     </span>
     <span class='ocr_line' id='line_1_19' title="bbox 221 1999 1275 2072; baseline 0.004 -26"><span class='ocrx_word' id='word_1_182' title='bbox 221 2008 341 2068; x_wconf 90' lang='lat' dir='ltr'><strong>tempore</strong></span> <span class='ocrx_word' id='word_1_183' title='bbox 352 2001 447 2052; x_wconf 84' lang='lat' dir='ltr'><strong>AEneas</strong></span> <span class='ocrx_word' id='word_1_184' title='bbox 459 2002 550 2070; x_wconf 89' lang='lat' dir='ltr'><strong>pineta</strong></span> <span class='ocrx_word' id='word_1_185' title='bbox 564 1999 667 2072; x_wconf 73' lang='lat' dir='ltr'><strong>Cybela</strong></span> <span class='ocrx_word' id='word_1_186' title='bbox 678 2015 720 2049; x_wconf 83' lang='lat' dir='ltr'><strong>sa·</strong></span> <span class='ocrx_word' id='word_1_187' title='bbox 768 2013 911 2065; x_wconf 87' lang='lat' dir='ltr'><strong>narratur,</strong></span> <span class='ocrx_word' id='word_1_188' title='bbox 934 2017 991 2070; x_wconf 80' lang='lat' dir='ltr'><strong>quae</strong></span> <span class='ocrx_word' id='word_1_189' title='bbox 1016 1999 1082 2050; x_wconf 83' lang='lat' dir='ltr'><strong>alias</strong></span> <span class='ocrx_word' id='word_1_190' title='bbox 1105 1999 1275 2052; x_wconf 74' lang='lat' dir='ltr'><strong>auctoritas:</strong></span> 
     </span>
     <span class='ocr_line' id='line_1_20' title="bbox 221 2077 1278 2150; baseline 0.004 -24"><span class='ocrx_word' id='word_1_191' title='bbox 221 2094 266 2127; x_wconf 87' lang='lat' dir='ltr'><strong>cra</strong></span> <span class='ocrx_word' id='word_1_192' title='bbox 288 2078 317 2127; x_wconf 94' lang='lat' dir='ltr'><strong>in</strong></span> <span class='ocrx_word' id='word_1_193' title='bbox 339 2079 387 2130; x_wconf 87' lang='lat' dir='ltr'><strong>lda</strong></span> <span class='ocrx_word' id='word_1_194' title='bbox 411 2078 529 2131; x_wconf 85' lang='lat' dir='ltr'><strong>eaedebat</strong></span> <span class='ocrx_word' id='word_1_195' title='bbox 549 2077 584 2130; x_wconf 87' lang='lat' dir='ltr'><strong>ad</strong></span> <span class='ocrx_word' id='word_1_196' title='bbox 607 2077 719 2129; x_wconf 79' lang='lat' dir='ltr'><strong>classem</strong></span> <span class='ocrx_word' id='word_1_197' title='bbox 769 2079 889 2149; x_wconf 86' lang='lat' dir='ltr'><strong>adeoque</strong></span> <span class='ocrx_word' id='word_1_198' title='bbox 901 2099 951 2150; x_wconf 87' lang='lat' dir='ltr'><strong>pro</strong></span> <span class='ocrx_word' id='word_1_199' title='bbox 962 2082 1019 2150; x_wconf 84' lang='lat' dir='ltr'><strong>ipsa</strong></span> <span class='ocrx_word' id='word_1_200' title='bbox 1030 2077 1184 2130; x_wconf 82' lang='lat' dir='ltr'><strong>narratione</strong></span> <span class='ocrx_word' id='word_1_201' title='bbox 1193 2081 1278 2148; x_wconf 91' lang='lat' dir='ltr'><strong>poni·</strong></span> 
     </span>
     <span class='ocr_line' id='line_1_21' title="bbox 222 2154 1316 2230; baseline 0.005 -26"><span class='ocrx_word' id='word_1_202' title='bbox 222 2154 418 2221; x_wconf 72' lang='lat' dir='ltr'><strong>edificandam,</strong></span> <span class='ocrx_word' id='word_1_203' title='bbox 430 2159 490 2209; x_wconf 91' lang='lat' dir='ltr'><strong>Jovi</strong></span> <span class='ocrx_word' id='word_1_204' title='bbox 502 2177 534 2209; x_wconf 86' lang='lat' dir='ltr'><strong>ea</strong></span> <span class='ocrx_word' id='word_1_205' title='bbox 550 2156 720 2228; x_wconf 83' lang='lat' dir='ltr'><strong>supplicave·</strong></span> <span class='ocrx_word' id='word_1_206' title='bbox 768 2171 818 2209; x_wconf 85' lang='lat' dir='ltr'><strong>tur.</strong></span> <span class='ocrx_word' id='word_1_207' title='bbox 833 2161 915 2230; x_wconf 76' lang='lat' dir='ltr'><strong>lgitnr</strong></span> <span class='ocrx_word' id='word_1_208' title='bbox 922 2157 998 2229; x_wconf 83' lang='lat' dir='ltr'><strong>sacto</strong></span> <span class='ocrx_word' id='word_1_209' title='bbox 1010 2157 1036 2208; x_wconf 93' lang='lat' dir='ltr'><strong>h.</strong></span> <span class='ocrx_word' id='word_1_210' title='bbox 1057 2158 1121 2209; x_wconf 86' lang='lat' dir='ltr'><strong>facti</strong></span> <span class='ocrx_word' id='word_1_211' title='bbox 1136 2157 1224 2227; x_wconf 84' lang='lat' dir='ltr'><strong>prisea</strong></span> <span class='ocrx_word' id='word_1_212' title='bbox 1239 2169 1278 2212; x_wconf 84' lang='lat' dir='ltr'><strong>est</strong></span> <span class='ocrx_word' id='word_1_213' title='bbox 1312 2169 1316 2182; x_wconf 81' lang='lat'>²</span> 
     </span>
     <span class='ocr_line' id='line_1_22' title="bbox 220 2235 1275 2306; baseline 0.008 -24"><span class='ocrx_word' id='word_1_214' title='bbox 220 2245 278 2299; x_wconf 82' lang='lat' dir='ltr'><strong>rat,</strong></span> <span class='ocrx_word' id='word_1_215' title='bbox 291 2253 324 2286; x_wconf 87' lang='lat' dir='ltr'><strong>ne</strong></span> <span class='ocrx_word' id='word_1_216' title='bbox 343 2254 423 2287; x_wconf 84' lang='lat' dir='ltr'><strong>naves</strong></span> <span class='ocrx_word' id='word_1_217' title='bbox 443 2248 598 2305; x_wconf 76' lang='lat' dir='ltr'><strong>tempestate</strong></span> <span class='ocrx_word' id='word_1_218' title='bbox 617 2254 719 2306; x_wconf 79' lang='lat' dir='ltr'><strong>merge·</strong></span> <span class='ocrx_word' id='word_1_219' title='bbox 766 2235 846 2306; x_wconf 82' lang='lat' dir='ltr'><strong>fides,</strong></span> <span class='ocrx_word' id='word_1_220' title='bbox 858 2239 984 2290; x_wconf 85' lang='lat' dir='ltr'><strong>narratio.</strong></span> <span class='ocrx_word' id='word_1_221' title='bbox 1001 2239 1066 2289; x_wconf 84' lang='lat' dir='ltr'><strong>Rem</strong></span> <span class='ocrx_word' id='word_1_222' title='bbox 1079 2248 1172 2288; x_wconf 86' lang='lat' dir='ltr'><strong>narrat</strong></span> <span class='ocrx_word' id='word_1_223' title='bbox 1185 2237 1275 2290; x_wconf 86' lang='lat' dir='ltr'><strong>tradi·</strong></span> 
     </span>
     <span class='ocr_line' id='line_1_23' title="bbox 221 2313 1274 2390; baseline 0.005 -27"><span class='ocrx_word' id='word_1_224' title='bbox 221 2326 326 2378; x_wconf 88' lang='lat' dir='ltr'><strong>rentur,</strong></span> <span class='ocrx_word' id='word_1_225' title='bbox 339 2329 379 2380; x_wconf 90' lang='lat' dir='ltr'><strong>et,</strong></span> <span class='ocrx_word' id='word_1_226' title='bbox 393 2313 595 2387; x_wconf 73' lang='lat' dir='ltr'><strong>quum&#39;lupiter</strong></span> <span class='ocrx_word' id='word_1_227' title='bbox 612 2318 719 2367; x_wconf 84' lang='lat' dir='ltr'><strong>annuis·</strong></span> <span class='ocrx_word' id='word_1_228' title='bbox 768 2331 822 2370; x_wconf 86' lang='lat' dir='ltr'><strong>tam</strong></span> <span class='ocrx_word' id='word_1_229' title='bbox 839 2319 873 2370; x_wconf 87' lang='lat' dir='ltr'><strong>ab</strong></span> <span class='ocrx_word' id='word_1_230' title='bbox 886 2320 1000 2390; x_wconf 83' lang='lat' dir='ltr'><strong>antiquis</strong></span> <span class='ocrx_word' id='word_1_231' title='bbox 1012 2317 1167 2368; x_wconf 86' lang='lat' dir='ltr'><strong>horninibus</strong></span> <span class='ocrx_word' id='word_1_232' title='bbox 1183 2338 1190 2368; x_wconf 74' lang='grc' dir='ltr'><strong>ε</strong></span> <span class='ocrx_word' id='word_1_233' title='bbox 1208 2317 1274 2382; x_wconf 84' lang='lat' dir='ltr'><strong>sed,</strong></span> 
     </span>
     <span class='ocr_line' id='line_1_24' title="bbox 221 2393 1275 2464; baseline 0.006 -22"><span class='ocrx_word' id='word_1_234' title='bbox 221 2405 274 2456; x_wconf 86' lang='lat' dir='ltr'><strong>set,</strong></span> <span class='ocrx_word' id='word_1_235' title='bbox 292 2411 336 2445; x_wconf 87' lang='lat' dir='ltr'><strong>eas</strong></span> <span class='ocrx_word' id='word_1_236' title='bbox 357 2413 411 2445; x_wconf 88' lang='lat' dir='ltr'><strong>non</strong></span> <span class='ocrx_word' id='word_1_237' title='bbox 430 2411 487 2445; x_wconf 83' lang='lat' dir='ltr'><strong>esse</strong></span> <span class='ocrx_word' id='word_1_238' title='bbox 505 2396 650 2464; x_wconf 87' lang='lat' dir='ltr'><strong>perituras,</strong></span> <span class='ocrx_word' id='word_1_239' title='bbox 671 2393 720 2446; x_wconf 84' lang='lat' dir='ltr'><strong>sed</strong></span> <span class='ocrx_word' id='word_1_240' title='bbox 768 2399 999 2463; x_wconf 82' lang='lat' dir='ltr'><strong>constantefama,</strong></span> <span class='ocrx_word' id='word_1_241' title='bbox 1012 2397 1048 2449; x_wconf 91' lang='lat' dir='ltr'><strong>ad</strong></span> <span class='ocrx_word' id='word_1_242' title='bbox 1057 2398 1170 2450; x_wconf 72' lang='lat' dir='ltr'><strong>seriores</strong></span> <span class='ocrx_word' id='word_1_243' title='bbox 1179 2409 1275 2448; x_wconf 72' lang='lat' dir='ltr'><strong>etates</strong></span> 
     </span>
     <span class='ocr_line' id='line_1_25' title="bbox 221 2473 954 2549; baseline 0.008 -27"><span class='ocrx_word' id='word_1_244' title='bbox 221 2484 348 2522; x_wconf 82' lang='lat' dir='ltr'><strong>aeternum</strong></span> <span class='ocrx_word' id='word_1_245' title='bbox 367 2473 521 2538; x_wconf 83' lang='lat' dir='ltr'><strong>duraturas,</strong></span> <span class='ocrx_word' id='word_1_246' title='bbox 543 2473 644 2525; x_wconf 86' lang='lat' dir='ltr'><strong>scilicet</strong></span> <span class='ocrx_word' id='word_1_247' title='bbox 666 2474 718 2537; x_wconf 80' lang='lat' dir='ltr'><strong>ita,</strong></span> <span class='ocrx_word' id='word_1_248' title='bbox 768 2490 954 2549; x_wconf 73' lang='lat' dir='ltr'><strong>propagatam.</strong></span> 
     </span>
    </p>

    <p class='ocr_par' dir='ltr' id='par_1_5' title="bbox 204 2551 1336 4056">
     <span class='ocr_line' id='line_1_26' title="bbox 220 2551 1272 2621; baseline -0.002 -13"><span class='ocrx_word' id='word_1_249' title='bbox 220 2563 264 2616; x_wconf 82' lang='lat' dir='ltr'><strong>ut,</strong></span> <span class='ocrx_word' id='word_1_250' title='bbox 277 2551 384 2621; x_wconf 82' lang='lat' dir='ltr'><strong>quando</strong></span> <span class='ocrx_word' id='word_1_251' title='bbox 396 2554 505 2603; x_wconf 73' lang='lat' dir='ltr'><strong>AEneam</strong></span> <span class='ocrx_word' id='word_1_252' title='bbox 518 2553 544 2602; x_wconf 88' lang='lat' dir='ltr'><strong>in</strong></span> <span class='ocrx_word' id='word_1_253' title='bbox 556 2552 660 2602; x_wconf 76' lang='lat' dir='ltr'><strong>Latium</strong></span> <span class='ocrx_word' id='word_1_254' title='bbox 673 2551 719 2603; x_wconf 80' lang='lat' dir='ltr'><strong>de·</strong></span> <span class='ocrx_word' id='word_1_255' title='bbox 803 2558 844 2610; x_wconf 81' lang='grc' dir='ltr'><strong>8ο.</strong></span> <span class='ocrx_word' id='word_1_256' title='bbox 858 2560 897 2610; x_wconf 78' lang='lat' dir='ltr'><strong>De</strong></span> <span class='ocrx_word' id='word_1_257' title='bbox 906 2557 1080 2609; x_wconf 74' lang='lat' dir='ltr'><strong>aedificatione</strong></span> <span class='ocrx_word' id='word_1_258' title='bbox 1093 2555 1187 2607; x_wconf 73' lang='lat' dir='ltr'><strong>classis</strong></span> <span class='ocrx_word' id='word_1_259' title='bbox 1195 2557 1272 2607; x_wconf 83' lang='lat' dir='ltr'><strong>conf.</strong></span> 
     </span>
     <span class='ocr_line' id='line_1_27' title="bbox 219 2620 1274 2708; baseline 0.005 -27"><span class='ocrx_word' id='word_1_260' title='bbox 219 2631 354 2698; x_wconf 83' lang='lat' dir='ltr'><strong>tulissent,</strong></span> <span class='ocrx_word' id='word_1_261' title='bbox 374 2634 401 2682; x_wconf 94' lang='lat' dir='ltr'><strong>in</strong></span> <span class='ocrx_word' id='word_1_262' title='bbox 418 2631 481 2682; x_wconf 85' lang='lat' dir='ltr'><strong>deas</strong></span> <span class='ocrx_word' id='word_1_263' title='bbox 498 2633 612 2682; x_wconf 85' lang='lat' dir='ltr'><strong>marinas</strong></span> <span class='ocrx_word' id='word_1_264' title='bbox 634 2644 718 2682; x_wconf 85' lang='lat' dir='ltr'><strong>muta·</strong></span> <span class='ocrx_word' id='word_1_265' title='bbox 767 2620 1125 2708; x_wconf 69' lang='lat' dir='ltr'><strong>sup.111,5.&#39;6.1daautenr</strong></span> <span class='ocrx_word' id='word_1_266' title='bbox 1137 2653 1232 2699; x_wconf 86' lang='lat' dir='ltr'><strong>mons,</strong></span> <span class='ocrx_word' id='word_1_267' title='bbox 1246 2648 1274 2686; x_wconf 80' lang='lat' dir='ltr'><strong>et</strong></span> 
     </span>
     <span class='ocr_line' id='line_1_28' title="bbox 218 2710 1274 2787; baseline 0.005 -28"><span class='ocrx_word' id='word_1_268' title='bbox 218 2721 310 2760; x_wconf 84' lang='lat' dir='ltr'><strong>rentur</strong></span> <span class='ocrx_word' id='word_1_269' title='bbox 319 2733 325 2761; x_wconf 90' lang='lat'><strong>:</strong></span> <span class='ocrx_word' id='word_1_270' title='bbox 334 2710 431 2782; x_wconf 73' lang='lat' dir='ltr'><strong>Cybele</strong></span> <span class='ocrx_word' id='word_1_271' title='bbox 440 2728 510 2761; x_wconf 86' lang='lat' dir='ltr'><strong>nune</strong></span> <span class='ocrx_word' id='word_1_272' title='bbox 518 2711 717 2776; x_wconf 83' lang='lat' dir='ltr'><strong>monetJovem,</strong></span> <span class='ocrx_word' id='word_1_273' title='bbox 765 2717 822 2787; x_wconf 73' lang='lat' dir='ltr'><strong>ipse</strong></span> <span class='ocrx_word' id='word_1_274' title='bbox 832 2733 908 2767; x_wconf 76' lang='lat' dir='ltr'><strong>sacer</strong></span> <span class='ocrx_word' id='word_1_275' title='bbox 919 2733 1019 2786; x_wconf 69' lang='lat' dir='ltr'><strong>magnae</strong></span> <span class='ocrx_word' id='word_1_276' title='bbox 1031 2715 1110 2766; x_wconf 84' lang='lat' dir='ltr'><strong>Matri</strong></span> <span class='ocrx_word' id='word_1_277' title='bbox 1122 2713 1218 2778; x_wconf 87' lang='lat' dir='ltr'><strong>deum,</strong></span> <span class='ocrx_word' id='word_1_278' title='bbox 1234 2715 1274 2764; x_wconf 70' lang='lat' dir='ltr'><strong>cf:</strong></span> 
     </span>
     <span class='ocr_line' id='line_1_29' title="bbox 218 2787 1273 2862; baseline 0.005 -24"><span class='ocrx_word' id='word_1_279' title='bbox 218 2801 322 2860; x_wconf 81' lang='lat' dir='ltr'><strong>tempus</strong></span> <span class='ocrx_word' id='word_1_280' title='bbox 342 2790 466 2860; x_wconf 79' lang='lat' dir='ltr'><strong>promissi</strong></span> <span class='ocrx_word' id='word_1_281' title='bbox 478 2787 602 2840; x_wconf 84' lang='lat' dir='ltr'><strong>servandi</strong></span> <span class='ocrx_word' id='word_1_282' title='bbox 615 2787 715 2840; x_wconf 82' lang='lat' dir='ltr'><strong>adesse.</strong></span> <span class='ocrx_word' id='word_1_283' title='bbox 765 2814 790 2845; x_wconf 82' lang='lat' dir='ltr'><strong>v.</strong></span> <span class='ocrx_word' id='word_1_284' title='bbox 804 2796 852 2859; x_wconf 77' lang='lat' dir='ltr'><strong>ts,</strong></span> <span class='ocrx_word' id='word_1_285' title='bbox 865 2794 914 2858; x_wconf 80' lang='lat'><strong>86,</strong></span> <span class='ocrx_word' id='word_1_286' title='bbox 926 2812 980 2844; x_wconf 88' lang='lat' dir='ltr'><strong>uon</strong></span> <span class='ocrx_word' id='word_1_287' title='bbox 993 2794 1079 2843; x_wconf 85' lang='lat' dir='ltr'><strong>minus</strong></span> <span class='ocrx_word' id='word_1_288' title='bbox 1092 2811 1123 2843; x_wconf 83' lang='lat' dir='ltr'><strong>ae</strong></span> <span class='ocrx_word' id='word_1_289' title='bbox 1136 2793 1273 2862; x_wconf 74' lang='lat' dir='ltr'><strong>Berecyn-</strong></span> 
     </span>
     <span class='ocr_line' id='line_1_30' title="bbox 218 2867 1272 2945; baseline 0.004 -27"><span class='ocrx_word' id='word_1_290' title='bbox 218 2869 253 2919; x_wconf 91' lang='lat' dir='ltr'><strong>Ut</strong></span> <span class='ocrx_word' id='word_1_291' title='bbox 263 2883 350 2921; x_wconf 85' lang='lat' dir='ltr'><strong>autem</strong></span> <span class='ocrx_word' id='word_1_292' title='bbox 363 2871 389 2921; x_wconf 89' lang='lat' dir='ltr'><strong>in</strong></span> <span class='ocrx_word' id='word_1_293' title='bbox 401 2869 483 2921; x_wconf 83' lang='lat' dir='ltr'><strong>talem</strong></span> <span class='ocrx_word' id='word_1_294' title='bbox 491 2867 611 2920; x_wconf 77' lang='lat' dir='ltr'><strong>fabulam</strong></span> <span class='ocrx_word' id='word_1_295' title='bbox 619 2868 718 2920; x_wconf 86' lang='lat' dir='ltr'><strong>incide·</strong></span> <span class='ocrx_word' id='word_1_296' title='bbox 765 2884 816 2938; x_wconf 81' lang='lat' dir='ltr'><strong>tus,</strong></span> <span class='ocrx_word' id='word_1_297' title='bbox 824 2873 940 2945; x_wconf 72' lang='lat' dir='ltr'><strong>Phrygiae</strong></span> <span class='ocrx_word' id='word_1_298' title='bbox 950 2887 1025 2922; x_wconf 87' lang='lat' dir='ltr'><strong>mons</strong></span> <span class='ocrx_word' id='word_1_299' title='bbox 1034 2883 1061 2924; x_wconf 85' lang='lat' dir='ltr'><strong>et</strong></span> <span class='ocrx_word' id='word_1_300' title='bbox 1068 2867 1202 2936; x_wconf 80' lang='lat' dir='ltr'><strong>traetus,a</strong></span> <span class='ocrx_word' id='word_1_301' title='bbox 1214 2889 1272 2942; x_wconf 90' lang='lat' dir='ltr'><strong>quo</strong></span> 
     </span>
     <span class='ocr_line' id='line_1_31' title="bbox 217 2948 1272 3016; baseline 0.002 -18"><span class='ocrx_word' id='word_1_302' title='bbox 217 2961 257 3001; x_wconf 85' lang='lat' dir='ltr'><strong>ret</strong></span> <span class='ocrx_word' id='word_1_303' title='bbox 271 2963 404 3016; x_wconf 83' lang='lat' dir='ltr'><strong>vetustas,</strong></span> <span class='ocrx_word' id='word_1_304' title='bbox 417 2952 454 3001; x_wconf 85' lang='lat' dir='ltr'><strong>ita</strong></span> <span class='ocrx_word' id='word_1_305' title='bbox 467 2951 567 3000; x_wconf 83' lang='lat' dir='ltr'><strong>factum</strong></span> <span class='ocrx_word' id='word_1_306' title='bbox 582 2948 717 3014; x_wconf 85' lang='lat' dir='ltr'><strong>arbitror,</strong></span> <span class='ocrx_word' id='word_1_307' title='bbox 764 2954 792 3004; x_wconf 83' lang='lat' dir='ltr'><strong>h.</strong></span> <span class='ocrx_word' id='word_1_308' title='bbox 804 2953 823 3004; x_wconf 82' lang='lat' dir='ltr'><strong>l,</strong></span> <span class='ocrx_word' id='word_1_309' title='bbox 836 2972 933 3005; x_wconf 71' lang='lat' dir='ltr'><strong>nomen</strong></span> <span class='ocrx_word' id='word_1_310' title='bbox 948 2952 1060 3004; x_wconf 83' lang='lat' dir='ltr'><strong>inditum</strong></span> <span class='ocrx_word' id='word_1_311' title='bbox 1070 2953 1130 3002; x_wconf 56' lang='lat' dir='ltr'><strong>{uti</strong></span> <span class='ocrx_word' id='word_1_312' title='bbox 1143 2952 1210 3004; x_wconf 80' lang='lat' dir='ltr'><strong>alias</strong></span> <span class='ocrx_word' id='word_1_313' title='bbox 1224 2953 1272 3004; x_wconf 73' lang='lat' dir='ltr'><strong>illa</strong></span> 
     </span>
     <span class='ocr_line' id='line_1_32' title="bbox 217 3026 1271 3104; baseline 0 -21"><span class='ocrx_word' id='word_1_314' title='bbox 217 3033 303 3101; x_wconf 88' lang='lat' dir='ltr'><strong>primo</strong></span> <span class='ocrx_word' id='word_1_315' title='bbox 316 3031 390 3102; x_wconf 90' lang='lat' dir='ltr'><strong>quod</strong></span> <span class='ocrx_word' id='word_1_316' title='bbox 403 3027 566 3094; x_wconf 81' lang='lat' dir='ltr'><strong>immortale,</strong></span> <span class='ocrx_word' id='word_1_317' title='bbox 579 3026 701 3082; x_wconf 60' lang='lat' dir='ltr'><strong>eterno</strong></span> <span class='ocrx_word' id='word_1_318' title='bbox 708 3067 716 3091; x_wconf 90' lang='lat'><strong>,</strong></span> <span class='ocrx_word' id='word_1_319' title='bbox 765 3035 837 3086; x_wconf 81' lang='lat' dir='ltr'><strong>Idoea</strong></span> <span class='ocrx_word' id='word_1_320' title='bbox 849 3034 899 3085; x_wconf 83' lang='lat' dir='ltr'><strong>dea</strong></span> <span class='ocrx_word' id='word_1_321' title='bbox 912 3033 1046 3104; x_wconf 83' lang='lat' dir='ltr'><strong>appellata</strong></span> <span class='ocrx_word' id='word_1_322' title='bbox 1058 3043 1106 3083; x_wconf 83' lang='lat' dir='ltr'><strong>est.</strong></span> <span class='ocrx_word' id='word_1_323' title='bbox 1121 3033 1157 3082; x_wconf 84' lang='lat' dir='ltr'><strong>cf.</strong></span> <span class='ocrx_word' id='word_1_324' title='bbox 1170 3031 1271 3083; x_wconf 83' lang='lat' dir='ltr'><strong>Strabo</strong></span> 
     </span>
     <span class='ocr_line' id='line_1_33' title="bbox 218 3108 1271 3184; baseline 0 -24"><span class='ocrx_word' id='word_1_325' title='bbox 218 3110 340 3162; x_wconf 82' lang='lat' dir='ltr'><strong>dixerunt</strong></span> <span class='ocrx_word' id='word_1_326' title='bbox 364 3109 493 3181; x_wconf 87' lang='lat' dir='ltr'><strong>quicquid</strong></span> <span class='ocrx_word' id='word_1_327' title='bbox 516 3108 563 3160; x_wconf 80' lang='lat' dir='ltr'><strong>diu</strong></span> <span class='ocrx_word' id='word_1_328' title='bbox 587 3108 664 3160; x_wconf 81' lang='lat' dir='ltr'><strong>durat</strong></span> <span class='ocrx_word' id='word_1_329' title='bbox 690 3121 717 3160; x_wconf 79' lang='lat' dir='ltr'><strong>et</strong></span> <span class='ocrx_word' id='word_1_330' title='bbox 765 3114 844 3184; x_wconf 86' lang='lat' dir='ltr'><strong>X,p.</strong></span> <span class='ocrx_word' id='word_1_331' title='bbox 858 3111 997 3182; x_wconf 73' lang='lat' dir='ltr'><strong>7tSC,et</strong></span> <span class='ocrx_word' id='word_1_332' title='bbox 1008 3111 1107 3176; x_wconf 68' lang='lat' dir='ltr'><strong>iuml,</strong></span> <span class='ocrx_word' id='word_1_333' title='bbox 1122 3109 1172 3162; x_wconf 80' lang='lat'><strong>252</strong></span> <span class='ocrx_word' id='word_1_334' title='bbox 1186 3109 1271 3160; x_wconf 84' lang='lat' dir='ltr'><strong>Alma</strong></span> 
     </span>
     <span class='ocr_line' id='line_1_34' title="bbox 204 3188 1270 3263; baseline -0.001 -23"><span class='ocrx_word' id='word_1_335' title='bbox 204 3191 386 3242; x_wconf 56' lang='lat' dir='ltr'><strong>»manethaud</strong></span> <span class='ocrx_word' id='word_1_336' title='bbox 396 3192 528 3253; x_wconf 90' lang='lat' dir='ltr'><strong>attritum,</strong></span> <span class='ocrx_word' id='word_1_337' title='bbox 541 3200 570 3240; x_wconf 88' lang='lat' dir='ltr'><strong>ut</strong></span> <span class='ocrx_word' id='word_1_338' title='bbox 579 3189 652 3260; x_wconf 90' lang='lat' dir='ltr'><strong>apud</strong></span> <span class='ocrx_word' id='word_1_339' title='bbox 660 3191 718 3240; x_wconf 91' lang='lat' dir='ltr'><strong>Pin·</strong></span> <span class='ocrx_word' id='word_1_340' title='bbox 763 3211 858 3263; x_wconf 79' lang='lat' dir='ltr'><strong>pareus</strong></span> <span class='ocrx_word' id='word_1_341' title='bbox 869 3191 939 3242; x_wconf 80' lang='lat' dir='ltr'><strong>Idoeu</strong></span> <span class='ocrx_word' id='word_1_342' title='bbox 951 3191 1037 3242; x_wconf 76' lang='lat' dir='ltr'><strong>deum.</strong></span> <span class='ocrx_word' id='word_1_343' title='bbox 1049 3188 1270 3240; x_wconf 82' lang='lat' dir='ltr'><strong>Consentaneum</strong></span> 
     </span>
     <span class='ocr_line' id='line_1_35' title="bbox 216 3267 1270 3341; baseline 0.001 -23"><span class='ocrx_word' id='word_1_344' title='bbox 216 3267 314 3319; x_wconf 87' lang='lat' dir='ltr'><strong>darum</strong></span> <span class='ocrx_word' id='word_1_345' title='bbox 334 3282 438 3319; x_wconf 87' lang='lat' dir='ltr'><strong>antrum</strong></span> <span class='ocrx_word' id='word_1_346' title='bbox 457 3287 564 3320; x_wconf 83' lang='lat' dir='ltr'><strong>saxeum</strong></span> <span class='ocrx_word' id='word_1_347' title='bbox 577 3267 715 3333; x_wconf 55' lang='lat' dir='ltr'><strong>mirmur,</strong></span> <span class='ocrx_word' id='word_1_348' title='bbox 765 3283 838 3336; x_wconf 87' lang='lat' dir='ltr'><strong>erat,</strong></span> <span class='ocrx_word' id='word_1_349' title='bbox 848 3283 879 3322; x_wconf 88' lang='lat' dir='ltr'><strong>ut</strong></span> <span class='ocrx_word' id='word_1_350' title='bbox 888 3273 979 3341; x_wconf 79' lang='lat' dir='ltr'><strong>pineta</strong></span> <span class='ocrx_word' id='word_1_351' title='bbox 986 3271 1085 3320; x_wconf 87' lang='lat' dir='ltr'><strong>montis</strong></span> <span class='ocrx_word' id='word_1_352' title='bbox 1094 3272 1118 3319; x_wconf 90' lang='lat' dir='ltr'><strong>ei</strong></span> <span class='ocrx_word' id='word_1_353' title='bbox 1127 3281 1217 3320; x_wconf 82' lang='lat' dir='ltr'><strong>essent</strong></span> <span class='ocrx_word' id='word_1_354' title='bbox 1228 3286 1270 3319; x_wconf 87' lang='lat' dir='ltr'><strong>sa-</strong></span> 
     </span>
     <span class='ocr_line' id='line_1_36' title="bbox 216 3344 1272 3418; baseline 0.003 -21"><span class='ocrx_word' id='word_1_355' title='bbox 216 3346 290 3416; x_wconf 81' lang='lat' dir='ltr'><strong>apud</strong></span> <span class='ocrx_word' id='word_1_356' title='bbox 309 3348 451 3398; x_wconf 87' lang='lat' dir='ltr'><strong>Homerum</strong></span> <span class='ocrx_word' id='word_1_357' title='bbox 470 3344 595 3401; x_wconf 55' lang='lat' dir='ltr'><strong>&amp;Seruius</strong></span> <span class='ocrx_word' id='word_1_358' title='bbox 613 3347 714 3413; x_wconf 63' lang='grc' dir='ltr'><strong>αἰγίδα,</strong></span> <span class='ocrx_word' id='word_1_359' title='bbox 765 3349 917 3414; x_wconf 69' lang='lat' dir='ltr'><strong>era-84.</strong></span> <span class='ocrx_word' id='word_1_360' title='bbox 935 3348 1032 3400; x_wconf 80' lang='lat' dir='ltr'><strong>domito</strong></span> <span class='ocrx_word' id='word_1_361' title='bbox 1050 3346 1160 3418; x_wconf 71' lang='lat' dir='ltr'><strong>Obaupo</strong></span> <span class='ocrx_word' id='word_1_362' title='bbox 1175 3346 1272 3416; x_wconf 86' lang='lat' dir='ltr'><strong>adjec-</strong></span> 
     </span>
     <span class='ocr_line' id='line_1_37' title="bbox 216 3425 1269 3500; baseline 0.002 -25"><span class='ocrx_word' id='word_1_363' title='bbox 216 3439 328 3500; x_wconf 87' lang='lat' dir='ltr'><strong>potuere</strong></span> <span class='ocrx_word' id='word_1_364' title='bbox 341 3426 431 3494; x_wconf 84' lang='lat' dir='ltr'><strong>itaque</strong></span> <span class='ocrx_word' id='word_1_365' title='bbox 443 3427 523 3477; x_wconf 86' lang='lat' dir='ltr'><strong>etiam</strong></span> <span class='ocrx_word' id='word_1_366' title='bbox 534 3427 580 3482; x_wconf 75' lang='lat' dir='ltr'><strong>tiss</strong></span> <span class='ocrx_word' id='word_1_367' title='bbox 593 3425 715 3480; x_wconf 61' lang='lat' dir='ltr'><strong>etism</strong></span> <span class='ocrx_word' id='word_1_368' title='bbox 764 3443 821 3480; x_wconf 91' lang='lat' dir='ltr'><strong>tum</strong></span> <span class='ocrx_word' id='word_1_369' title='bbox 833 3447 961 3499; x_wconf 86' lang='lat' dir='ltr'><strong>quorsum</strong></span> <span class='ocrx_word' id='word_1_370' title='bbox 975 3429 1022 3491; x_wconf 85' lang='lat' dir='ltr'><strong>sit,</strong></span> <span class='ocrx_word' id='word_1_371' title='bbox 1034 3427 1153 3478; x_wconf 85' lang='lat' dir='ltr'><strong>dubitari</strong></span> <span class='ocrx_word' id='word_1_372' title='bbox 1166 3439 1269 3497; x_wconf 89' lang='lat' dir='ltr'><strong>potest.</strong></span> 
     </span>
     <span class='ocr_line' id='line_1_38' title="bbox 218 3503 1270 3579; baseline -0.001 -21"><span class='ocrx_word' id='word_1_373' title='bbox 218 3503 258 3558; x_wconf 70' lang='lat' dir='ltr'><strong>uei</strong></span> <span class='ocrx_word' id='word_1_374' title='bbox 271 3503 369 3574; x_wconf 61' lang='grc' dir='ltr'><strong>ἀγέρω</strong></span> <span class='ocrx_word' id='word_1_375' title='bbox 379 3505 591 3577; x_wconf 82' lang='lat' dir='ltr'><strong>dici3tumqnod</strong></span> <span class='ocrx_word' id='word_1_376' title='bbox 597 3507 716 3579; x_wconf 77' lang='lat' dir='ltr'><strong>Dryades</strong></span> <span class='ocrx_word' id='word_1_377' title='bbox 765 3509 917 3577; x_wconf 84' lang='lat' dir='ltr'><strong>Sequuntur</strong></span> <span class='ocrx_word' id='word_1_378' title='bbox 929 3508 1102 3576; x_wconf 67' lang='lat' dir='ltr'><strong>interpretem,</strong></span> <span class='ocrx_word' id='word_1_379' title='bbox 1116 3523 1185 3575; x_wconf 86' lang='lat' dir='ltr'><strong>quos</strong></span> <span class='ocrx_word' id='word_1_380' title='bbox 1199 3506 1270 3576; x_wconf 83' lang='lat' dir='ltr'><strong>vidi,</strong></span> 
     </span>
     <span class='ocr_line' id='line_1_39' title="bbox 217 3583 1271 3658; baseline -0.002 -20"><span class='ocrx_word' id='word_1_381' title='bbox 217 3585 354 3658; x_wconf 63' lang='lat' dir='ltr'><strong>Nymphas</strong></span> <span class='ocrx_word' id='word_1_382' title='bbox 370 3585 478 3636; x_wconf 88' lang='lat' dir='ltr'><strong>arbores</strong></span> <span class='ocrx_word' id='word_1_383' title='bbox 492 3587 607 3640; x_wconf 89' lang='lat' dir='ltr'><strong>insidere</strong></span> <span class='ocrx_word' id='word_1_384' title='bbox 618 3599 644 3639; x_wconf 91' lang='lat' dir='ltr'><strong>et</strong></span> <span class='ocrx_word' id='word_1_385' title='bbox 656 3605 717 3638; x_wconf 86' lang='lat' dir='ltr'><strong>cum</strong></span> <span class='ocrx_word' id='word_1_386' title='bbox 766 3587 898 3646; x_wconf 78' lang='lat' dir='ltr'><strong>servium,</strong></span> <span class='ocrx_word' id='word_1_387' title='bbox 911 3585 1038 3649; x_wconf 81' lang='lat' dir='ltr'><strong>Videtur,</strong></span> <span class='ocrx_word' id='word_1_388' title='bbox 1051 3586 1152 3654; x_wconf 87' lang='lat' dir='ltr'><strong>inquit,</strong></span> <span class='ocrx_word' id='word_1_389' title='bbox 1167 3583 1218 3636; x_wconf 78' lang='lat' dir='ltr'><strong>lroe</strong></span> <span class='ocrx_word' id='word_1_390' title='bbox 1229 3585 1271 3636; x_wconf 82' lang='lat' dir='ltr'><strong>di-</strong></span> 
     </span>
     <span class='ocr_line' id='line_1_40' title="bbox 218 3663 1272 3736; baseline 0.001 -21"><span class='ocrx_word' id='word_1_391' title='bbox 218 3667 250 3716; x_wconf 91' lang='lat' dir='ltr'><strong>iis</strong></span> <span class='ocrx_word' id='word_1_392' title='bbox 266 3667 355 3717; x_wconf 84' lang='lat' dir='ltr'><strong>vivere</strong></span> <span class='ocrx_word' id='word_1_393' title='bbox 373 3683 403 3717; x_wconf 85' lang='lat' dir='ltr'><strong>ac</strong></span> <span class='ocrx_word' id='word_1_394' title='bbox 416 3664 529 3718; x_wconf 84' lang='lat' dir='ltr'><strong>delicere</strong></span> <span class='ocrx_word' id='word_1_395' title='bbox 546 3667 717 3719; x_wconf 87' lang='lat' dir='ltr'><strong>erediderunt</strong></span> <span class='ocrx_word' id='word_1_396' title='bbox 765 3685 834 3718; x_wconf 76' lang='lat' dir='ltr'><strong>cere:</strong></span> <span class='ocrx_word' id='word_1_397' title='bbox 846 3668 943 3719; x_wconf 81' lang='lat' dir='ltr'><strong>Proesta</strong></span> <span class='ocrx_word' id='word_1_398' title='bbox 950 3667 986 3730; x_wconf 84' lang='lat' dir='ltr'><strong>ei,</strong></span> <span class='ocrx_word' id='word_1_399' title='bbox 998 3669 1073 3736; x_wconf 74' lang='lat' dir='ltr'><strong>eujus</strong></span> <span class='ocrx_word' id='word_1_400' title='bbox 1083 3663 1211 3735; x_wconf 74' lang='lat' dir='ltr'><strong>beneficio</strong></span> <span class='ocrx_word' id='word_1_401' title='bbox 1220 3685 1272 3718; x_wconf 78' lang='lat' dir='ltr'><strong>ser-</strong></span> 
     </span>
     <span class='ocr_line' id='line_1_41' title="bbox 218 3743 1272 3816; baseline 0.002 -20"><span class='ocrx_word' id='word_1_402' title='bbox 218 3743 348 3796; x_wconf 88' lang='lat' dir='ltr'><strong>homines.</strong></span> <span class='ocrx_word' id='word_1_403' title='bbox 363 3746 498 3794; x_wconf 84' lang='lat' dir='ltr'><strong>Promtum</strong></span> <span class='ocrx_word' id='word_1_404' title='bbox 514 3747 551 3797; x_wconf 86' lang='lat' dir='ltr'><strong>sic</strong></span> <span class='ocrx_word' id='word_1_405' title='bbox 561 3747 625 3814; x_wconf 83' lang='lat' dir='ltr'><strong>tuit,</strong></span> <span class='ocrx_word' id='word_1_406' title='bbox 638 3744 718 3796; x_wconf 87' lang='lat' dir='ltr'><strong>arbo-</strong></span> <span class='ocrx_word' id='word_1_407' title='bbox 766 3757 839 3798; x_wconf 83' lang='lat' dir='ltr'><strong>vatus</strong></span> <span class='ocrx_word' id='word_1_408' title='bbox 850 3746 886 3796; x_wconf 84' lang='lat' dir='ltr'><strong>ad</strong></span> <span class='ocrx_word' id='word_1_409' title='bbox 895 3744 1003 3816; x_wconf 80' lang='lat' dir='ltr'><strong>Olympi</strong></span> <span class='ocrx_word' id='word_1_410' title='bbox 1016 3763 1095 3816; x_wconf 64' lang='lat' dir='ltr'><strong>regua</strong></span> <span class='ocrx_word' id='word_1_411' title='bbox 1106 3745 1211 3796; x_wconf 83' lang='lat' dir='ltr'><strong>venisti.</strong></span> <span class='ocrx_word' id='word_1_412' title='bbox 1223 3747 1272 3798; x_wconf 84' lang='lat' dir='ltr'><strong>Sn-</strong></span> 
     </span>
     <span class='ocr_line' id='line_1_42' title="bbox 218 3825 1336 3896; baseline 0.002 -22"><span class='ocrx_word' id='word_1_413' title='bbox 218 3841 259 3874; x_wconf 87' lang='lat' dir='ltr'><strong>res</strong></span> <span class='ocrx_word' id='word_1_414' title='bbox 272 3826 383 3889; x_wconf 83' lang='lat' dir='ltr'><strong>recisas,</strong></span> <span class='ocrx_word' id='word_1_415' title='bbox 401 3836 426 3876; x_wconf 87' lang='lat' dir='ltr'><strong>et</strong></span> <span class='ocrx_word' id='word_1_416' title='bbox 440 3826 558 3876; x_wconf 83' lang='lat' dir='ltr'><strong>lunares</strong></span> <span class='ocrx_word' id='word_1_417' title='bbox 569 3827 717 3877; x_wconf 85' lang='lat' dir='ltr'><strong>versasite·</strong></span> <span class='ocrx_word' id='word_1_418' title='bbox 766 3825 1270 3896; x_wconf 81' lang='lat' dir='ltr'><strong>turnusenimquumomuesconsume-</strong></span> <span class='ocrx_word' id='word_1_419' title='bbox 1335 3883 1336 3888; x_wconf 13' lang='lat'>¹</span> 
     </span>
     <span class='ocr_line' id='line_1_43' title="bbox 217 3902 1270 3975; baseline 0 -19"><span class='ocrx_word' id='word_1_420' title='bbox 217 3923 276 3957; x_wconf 79' lang='lat' dir='ltr'><strong>rum</strong></span> <span class='ocrx_word' id='word_1_421' title='bbox 288 3904 322 3955; x_wconf 85' lang='lat' dir='ltr'><strong>ad</strong></span> <span class='ocrx_word' id='word_1_422' title='bbox 334 3906 476 3975; x_wconf 88' lang='lat' dir='ltr'><strong>pristinum</strong></span> <span class='ocrx_word' id='word_1_423' title='bbox 487 3921 585 3956; x_wconf 87' lang='lat' dir='ltr'><strong>numen</strong></span> <span class='ocrx_word' id='word_1_424' title='bbox 597 3921 717 3958; x_wconf 82' lang='lat' dir='ltr'><strong>reversas</strong></span> <span class='ocrx_word' id='word_1_425' title='bbox 765 3915 805 3955; x_wconf 85' lang='lat' dir='ltr'><strong>ret</strong></span> <span class='ocrx_word' id='word_1_426' title='bbox 817 3902 908 3974; x_wconf 79' lang='lat' dir='ltr'><strong>filios,</strong></span> <span class='ocrx_word' id='word_1_427' title='bbox 924 3906 1016 3954; x_wconf 79' lang='lat' dir='ltr'><strong>Iouem</strong></span> <span class='ocrx_word' id='word_1_428' title='bbox 1034 3903 1119 3956; x_wconf 83' lang='lat' dir='ltr'><strong>solum</strong></span> <span class='ocrx_word' id='word_1_429' title='bbox 1141 3923 1193 3956; x_wconf 78' lang='lat' dir='ltr'><strong>esse</strong></span> <span class='ocrx_word' id='word_1_430' title='bbox 1214 3923 1270 3958; x_wconf 79' lang='lat' dir='ltr'><strong>non</strong></span> 
     </span>
     <span class='ocr_line' id='line_1_44' title="bbox 218 3982 1270 4056; baseline -0.001 -18"><span class='ocrx_word' id='word_1_431' title='bbox 218 3985 389 4042; x_wconf 77' lang='lat' dir='ltr'><strong>comminisci.</strong></span> <span class='ocrx_word' id='word_1_432' title='bbox 410 3983 475 4044; x_wconf 68' lang='lat' dir='ltr'><strong>,Atto</strong></span> <span class='ocrx_word' id='word_1_433' title='bbox 500 3982 581 4037; x_wconf 85' lang='lat' dir='ltr'><strong>modo</strong></span> <span class='ocrx_word' id='word_1_434' title='bbox 603 3985 716 4036; x_wconf 86' lang='lat' dir='ltr'><strong>navibus</strong></span> <span class='ocrx_word' id='word_1_435' title='bbox 763 3983 868 4054; x_wconf 81' lang='lat' dir='ltr'><strong>potuit,</strong></span> <span class='ocrx_word' id='word_1_436' title='bbox 883 3982 997 4048; x_wconf 67' lang='lat' dir='ltr'><strong>celatum</strong></span> <span class='ocrx_word' id='word_1_437' title='bbox 1013 3983 1105 4038; x_wconf 75' lang='lat' dir='ltr'><strong>matris</strong></span> <span class='ocrx_word' id='word_1_438' title='bbox 1119 3982 1205 4056; x_wconf 85' lang='lat' dir='ltr'><strong>(Opis</strong></span> <span class='ocrx_word' id='word_1_439' title='bbox 1220 4002 1270 4037; x_wconf 83' lang='lat' dir='ltr'><strong>sen</strong></span> 
     </span>
    </p>
   </div>
   <div class='ocr_carea' id='block_1_5' title="bbox 0 0 1350 4598">
    <p class='ocr_par' dir='ltr' id='par_1_6' title="bbox 0 0 1350 4598">
     <span class='ocr_line' id='line_1_45' title="bbox 0 0 1350 4598; baseline 0 5"><span class='ocrx_word' id='word_1_440' title='bbox 0 0 1350 4598; x_wconf 95' lang='lat' dir='ltr'><strong> </strong></span> 
     </span>
    </p>
   </div>
  </div>
 </body>
</html>
