2690 4596
454 347 674 412 GARMEN.
1023 354 1084 433 445

85 475 196 557 Quem
208 489 322 539 contra
333 467 440 538 bonus
454 474 589 536 AEneas:
607 474 701 534 «Rex
712 471 866 551 maxime,
880 473 1004 538 nullam
1041 487 1087 545 440

44 579 84 644 ln
96 598 130 645 te
142 583 262 646 horum
274 603 404 644 causam
417 601 598 656 armorum,
612 576 761 665 tantique
773 577 934 644 tumultus

44 686 266 765 Crediderim,
281 684 417 774 placidae
430 701 560 748 assueto
572 683 633 747 sub
646 698 795 769 tempore
808 685 896 770 pacis
908 707 916 746 ε
1011 711 1016 720 ·

43 794 127 857 Etsi
140 817 203 881 qua
218 809 280 871 est,
294 813 381 880 pone
394 790 479 854 hanc
491 812 618 868 curam,
632 804 725 875 pater
737 789 875 875 optime,
891 785 1013 879 quaeso.

44 901 143 963 Nunc
155 897 286 977 adsum,
301 914 334 961 et
346 912 487 984 patrem,
502 911 535 958 et
547 917 698 960 socerum
710 911 743 957 te
755 895 849 958 laetus
861 896 896 959 in
909 919 1023 962 omnes

44 1005 182 1092 Accipio
195 1002 431 1090 casustmagni
443 1000 525 1064 mihi
538 1001 642 1088 surgit
654 1001 762 1088 imago
895 1057 896 1060 ,
1045 1016 1090 1076 445

44 1108 213 1188 Anchisae,
228 1124 260 1172 et
272 1127 403 1172 rursum
416 1104 541 1170 ardebo
554 1106 710 1194 genitoris
722 1128 844 1168 amore.
858 1135 870 1166 a

92 1214 228 1278 Talibus
241 1213 378 1276 orabant
390 1213 476 1276 inter
488 1235 537 1291 se,
552 1228 585 1276 et
596 1228 682 1276 tecta
694 1211 849 1276 subibant

45 1321 165 1406 Regia3
178 1343 283 1409 quum
296 1318 403 1383 studia
417 1319 532 1382 effusae
545 1335 732 1406 matresque
745 1340 929 1406 nurusque,
972 1325 974 1328 ’

47 1429 274 1516 Longaevique
286 1443 395 1514 patres
408 1426 550 1505 stabant,
561 1425 791 1515 juvenumque
804 1426 970 1510 cohorteS,

48 1531 191 1597 Pulchra
203 1533 383 1596 revisentes
395 1531 548 1621 Trojanae
560 1527 700 1619 corpora
712 1532 827 1618 gentis.
1051 1551 1097 1610 450

49 1641 136 1703 Ante
149 1661 264 1702 omnes
276 1661 433 1726 magnum
446 1640 583 1716 AEncan,
598 1636 789 1726 cupidoque
802 1639 960 1706 notabant

48 1743 163 1808 Altum
174 1745 285 1808 animo
298 1766 416 1831 genus,
431 1760 463 1807 et
476 1759 684 1831 praestantem
697 1743 814 1806 frontis
826 1742 1003 1828 honorem,

49 1850 297 1937 Quaesitamque
309 1849 432 1913 alacres
444 1871 575 1936 pacem,
589 1865 688 1936 atque
702 1864 812 1934 optata
824 1850 944 1936 quietis

50 1957 193 2018 Munera
206 1953 400 2017 laudabant:
415 1975 475 2017 cen
489 1952 623 2042 quando
636 1952 754 2038 longus
768 1969 800 2015 et
812 1952 927 2040 ingens

51 2059 220 2148 Agricolas
232 2059 339 2123 tenuit
352 2055 504 2136 resolutis
518 2057 662 2122 nubibus
676 2056 783 2120 imber
1054 2077 1099 2136 4⁵5

52 2167 251 2252 Suspensum
265 2187 472 2252 curvumque
485 2163 543 2227 diu
555 2163 719 2252 requievit
730 2178 889 2243 aratrum3
940 2185 942 2195 ⁴

53 2273 151 2335 Tunc
164 2271 190 2334 si
202 2270 309 2334 clarus
322 2291 426 2360 equos
439 2269 583 2358 spatioso
596 2269 710 2332 limine
723 2267 819 2333 Titan
838 2337 840 2341 ι

92 2421 154 2487 44ο.
171 2421 247 2490 Quem
261 2432 359 2472 eontra.
377 2420 407 2472 ld
424 2433 480 2487 est,
499 2421 636 2473 ediverso
655 2445 661 2473 z
682 2420 794 2493 supple,
816 2422 929 2488 aifatnr3
948 2437 994 2479 aut
1010 2441 1104 2486 contra

56 2519 155 2572 quem,
170 2501 243 2570 quod
260 2501 356 2553 durum
369 2516 453 2567 esset,
466 2503 547 2554 fatur.
561 2503 592 2553 A.
605 2533 640 2542 -
649 2503 711 2570 444.
725 2521 840 2555 socerum
856 2515 880 2554 te
892 2503 965 2560 latas
979 2511 1006 2562 in
1018 2531 1107 2568 omnes

56 2579 168 2653 Accipio
180 2600 259 2633 casus.
271 2581 313 2633 Sic
325 2581 398 2632 Iulus
411 2580 446 2632 ad
456 2583 612 2654 Euryalum,
624 2583 693 2635 libro
706 2601 779 2634 nono
792 2585 895 2636 AEneid.
908 2606 933 2638 v.
948 2591 1016 2659 276:

166 2723 533 2739 ..............
555 2689 614 2738 Jarn
627 2702 736 2758 pectore
748 2700 804 2739 toto

164 2763 292 2834 Accipio,
306 2775 332 2814 et
345 2766 469 2816 comitem
482 2783 559 2820 casus
572 2765 736 2836 complector
748 2769 775 2817 in
788 2785 889 2818 omnes.
926 2770 958 2819 A.

61 2909 96 2919 -
107 2877 169 2946 445
183 2878 274 2951 mapni
286 2878 354 2929 milri
365 2879 449 2952 suryit
462 2881 549 2953 imaqo
566 2880 696 2934 Anchisa.
710 2883 751 2933 Sic
768 2884 795 2934 in
809 2883 927 2934 secundo
942 2888 1044 2939 AEneid.
1058 2885 1105 2944 lib.

58 2958 128 3010 560:
142 2957 224 3008 subiit
236 2957 291 3008 cari
302 2959 426 3030 portitoris
445 2959 540 3032 imaqo.
552 2961 584 3010 A.
594 2991 630 3000 -
642 2962 702 3028 446.
716 2961 810 3012 ardebo
824 2962 951 3033 portitoris
965 2985 1061 3019 amore.
1076 2971 1108 3022 ld

58 3034 209 3090 secuudum
221 3037 429 3108 grammaticen:
443 3041 548 3108 poetice
559 3052 648 3091 autem
657 3042 734 3091 Maro
745 3061 752 3090 ε
765 3040 820 3092 Ecl.
834 3043 873 3106 ll,
887 3059 916 3092 r:
937 3044 1053 3114 Corydon
1067 3068 1109 3099 ar-

59 3112 254 3168 detatAlexin.
267 3115 301 3166 A.

96 3193 160 3260 448.
171 3194 329 3265 Manesque.
342 3193 374 3244 Id
386 3207 441 3260 est,
454 3209 590 3248 matronae.
602 3216 734 3271 nurusque
744 3218 753 3248 :
764 3198 884 3263 nubiles,
899 3212 944 3250 aut
953 3219 1065 3271 sponsae.
1076 3206 1108 3258 A.

60 3303 97 3313 -—
108 3271 169 3339 450.
181 3271 337 3324 Pulchre...
348 3275 467 3344 Trojanoe
476 3295 583 3347 corpora
590 3279 683 3350 pentir.
699 3278 763 3331 lllos
775 3279 915 3350 intelligit,
928 3284 973 3351 qui
981 3287 1060 3353 primi
1072 3288 1111 3337 in-

61 3368 104 3405 ter
115 3351 246 3420 Trojanos
260 3353 432 3418 obtinebant3
452 3368 477 3406 et
492 3359 591 3409 AEnean
603 3359 746 3429 imprimis,
764 3361 810 3430 qui
825 3361 942 3412 omnium
958 3363 1111 3431 pulcherri-

61 3449 132 3483 mus,
146 3431 236 3502 Longe
252 3433 329 3484 aliter
340 3436 368 3484 in
381 3438 468 3505 primo
479 3437 582 3488 AEneid.
597 3437 656 3506 592.
674 3439 767 3491 AEnaas
781 3439 910 3512 refulqet,
926 3461 967 3492 ora
980 3442 1111 3500 humeros·

63 3528 116 3583 que
125 3510 181 3561 Deo
190 3509 296 3573 similis;
309 3526 359 3565 etc.
374 3515 415 3566 vel
430 3518 457 3567 in
469 3518 504 3569 [V
514 3517 616 3568 AEneid.
630 3518 662 3568 3:
678 3516 762 3568 multa
776 3518 827 3569 oiri
838 3518 918 3571 virtus
927 3521 1032 3589 animo,
1043 3523 1112 3576 mul·

63 3601 157 3660 iusque
175 3602 290 3643 recursat
299 3593 384 3664 qeatis
399 3594 498 3660 honos,
516 3610 565 3649 etc.
585 3599 714 3667 quianon
729 3599 815 3648 solum
830 3618 845 3650 a
863 3618 975 3670 corpore
992 3617 1017 3655 et
1035 3604 1121 3657 vultu¹

62 3667 142 3720 seda
155 3671 252 3721 virtute
267 3673 387 3741 inprimis
402 3674 502 3727 laudat.
511 3707 544 3714 -
553 3675 613 3743 454.
627 3696 674 3728 ceu
689 3679 792 3750 quando
807 3676 900 3752 lonqus
913 3691 938 3730 et
954 3681 1050 3754 inqens.
1066 3687 1113 3737 Est

63 3762 155 3801 antem
167 3754 332 3821 comparatio
345 3755 409 3805 satis
422 3769 501 3826 apta,
518 3770 543 3809 et
559 3760 581 3808 si
593 3757 726 3830 Scaligero
744 3758 898 3821 credamus,
911 3780 939 3830 p.
959 3764 1022 3831 726,
1038 3764 1113 3816 valde

66 3827 136 3879 bona
147 3849 155 3877 .·
165 3847 227 3880 nam
241 3848 295 3880 non
306 3829 392 3884 minus
404 3852 453 3904 per
464 3836 550 3901 bella,
564 3855 644 3908 quam
655 3856 704 3908 per
716 3838 813 3889 imbres
827 3837 996 3892 abducuntur
1006 3843 1111 3895 coloni:

66 3904 141 3957 unde
154 3907 181 3958 in
193 3906 314 3980 Georgic.
329 3909 377 3962 lib.
395 3913 423 3978 I,
443 3913 503 3984 507.
519 3915 648 3988 Squuient
662 3917 778 3968 abductis
793 3937 855 3969 arva
874 3918 980 3972 colonis.
997 3923 1046 3973 Hic
1065 3942 1114 3994 per

65 3986 155 4050 bella,
175 3987 283 4057 quando
305 4007 388 4043 curvo
400 3993 484 4064 falces
503 3997 599 4070 rapidos
613 3997 766 4073 conflantur
783 3997 811 4048 in
829 4019 896 4052 enses
911 4001 979 4052 :sed
1003 4000 1066 4053 alibi
1085 4005 1113 4056 in

69 4064 166 4117 eodem
177 4065 263 4137 libro,
276 4068 345 4142 259,
358 4070 504 4147 elegantius
519 4077 642 4150 Maphaeo
655 4075 757 4130 dixerat
770 4099 776 4129 ε
791 4076 909 4151 sriqidus
924 4077 1074 4150 Apricolam
1090 4081 1114 4135 si
