2690 4596
384 289 675 358 lnnrnnnu
697 289 785 356 x11.
1048 293 1113 382 aa,

58 429 138 492 reque
152 425 234 490 pcto:
255 413 399 487 parilitate
411 413 510 488 lapibus
522 413 606 465 amboe
619 413 727 464 luvictoe
743 423 832 485 pentes
850 422 948 467 eterna
966 415 995 468 iu
1007 415 1112 486 foedera

55 499 178 558 mitana-
193 497 279 548 Sucra
288 493 491 566 deosqueduboc
501 509 572 545 socer
582 508 657 542 amia
666 491 778 544 Munus
787 491 894 553 babeto;
906 493 1051 564 Imperium
1061 492 1112 546 sol-

58 578 138 630 lenne
147 595 240 630 socer.-
254 574 324 626 milti
334 574 431 627 mesaia
443 573 537 626 Teucri
550 571 712 624 constituent
716 608 726 635 ,
739 572 849 643 urbique
861 573 932 624 dubit
943 575 1055 626 buinio
1065 593 1113 627 ao·

58 674 135 720 men,
149 667 176 708 et
188 671 215 706 v.
230 655 282 708 82¹
297 670 337 723 tq.
352 653 441 723 Quum
449 653 505 722 jam
517 649 654 702 connubiis
662 665 755 719 pacem
763 649 906 719 felicibus,
920 661 987 717 esto,
1001 655 1112 724 Compo-

58 745 138 795 nent5
156 751 246 806 quum
265 735 322 803 jum
341 730 408 804 lepos
424 741 451 783 et
462 729 564 801 fudere
578 731 707 801 junqent:
725 728 768 780 Ne
784 739 855 783 vetus
867 730 1002 803 indiqenas
1017 751 1113 784 nomen

58 823 164 864 mature
174 811 302 875 Latiam,
314 811 375 862 Neu
391 809 471 861 Troas
485 805 547 878 fieri
557 807 648 877 jubeas
663 806 825 878 Teucrosque
838 807 941 873 vocari,
956 808 1013 861 Aut
1028 828 1114 862 vocem

58 903 164 943 mutare
176 892 259 957 viror,
271 899 422 942 autvertere
431 887 512 941 vestis.
521 886 673 940 SitLatium
680 907 690 946 ;
701 886 755 938 siut
763 885 864 939 Albani
875 905 924 958 per
934 887 1019 940 secula
1031 907 1113 962 repes,

56 965 404 1043 SitRomanapotcnsItala
415 968 652 1039 uirtutepropuqo:
664 961 778 1032 Occidit,
785 966 962 1039 occideritque
971 968 1040 1020 sinas
1051 987 1112 1020 cum

58 1049 168 1102 nomine
183 1050 274 1121 Trq'a.

92 1127 310 1182 Observationes
326 1144 407 1199 super
424 1125 466 1177 bis
483 1125 642 1198 subjungam
659 1125 815 1188 nonnullas3
838 1143 895 1196 qua
919 1138 1046 1198 tanquam
1064 1145 1115 1197 pro

59 1209 255 1280 supplemento
267 1227 357 1262 rerum
366 1211 393 1260 in
406 1205 517 1262 AEneide
534 1217 706 1260 tractatarum
723 1208 788 1272 sint,
805 1207 855 1258 etsi
866 1225 921 1258 non
932 1206 1010 1259 valde
1023 1206 1116 1258 doctas

59 1306 92 1339 ac
105 1290 281 1355 reconditas,
300 1307 420 1362 quasque
436 1305 510 1339 mens
529 1298 583 1338 tam
602 1285 676 1359 longi
695 1288 783 1358 operis
801 1284 916 1340 decursu
935 1287 1008 1340 fessa
1026 1305 1118 1341 secum

59 1368 145 1435 ferre,
156 1372 226 1439 justi
239 1372 328 1423 oneris
339 1370 398 1422 lere
409 1367 635 1440 superpondium,
647 1384 702 1419 non
714 1367 839 1438 refugiat.

94 1448 128 1500 Et
135 1451 258 1520 primum
268 1448 376 1520 quidem
383 1449 519 1521 ingeniose
526 1445 579 1498 hoc
588 1448 699 1511 iactum,
713 1445 786 1518 quod
793 1445 921 1516 fauturum
930 1445 1004 1497 Latii
1008 1455 1116 1511 sutum,

61 1545 143 1597 quem
159 1532 298 1600 majorum
313 1531 400 1602 primo
416 1528 583 1582 sermonibus
604 1539 722 1595 servata,
741 1539 798 1578 tum
809 1544 825 1578 a
835 1527 930 1597 priscis
942 1527 1118 1598 scriptoribus

60 1603 146 1658 literis
162 1608 289 1680 prodita,
306 1609 436 1660 memoria
451 1606 486 1658 ad
501 1608 686 1678 posteritatem
698 1606 860 1678 pertulerat,
879 1615 1006 1678 tanquam
1017 1603 1118 1675 fudere

59 1686 114 1754 iam
125 1689 160 1740 ab
172 1687 256 1740 initio
265 1688 434 1742 comitatum
447 1688 603 1740 memoravit
615 1699 642 1739 et
653 1684 792 1739 commode
804 1686 866 1738 loco
878 1687 996 1738 intexuit.
1010 1685 1119 1738 Cessare

62 1766 176 1837 Trojani
188 1772 217 1822 in
229 1771 386 1821 Latinorum
397 1787 503 1821 nomen.
517 1769 607 1836 Quum
621 1780 711 1820 tamen
729 1769 839 1835 AEneas,
859 1766 922 1818 dum
934 1769 1034 1820 viveret
1044 1766 1119 1818 Lati-

62 1862 128 1912 nus,
141 1865 207 1901 suos
219 1850 351 1918 Trojanos
364 1847 494 1901 discretos
503 1847 538 1899 ab
550 1848 582 1898 iis
594 1845 719 1910 haberet,
732 1863 782 1896 nec
795 1861 840 1896 eos
853 1862 914 1895 cum
927 1844 1120 1917 Aboriginibus

61 1926 205 1993 miseeret,
217 1929 272 1980 nisi
284 1946 315 1979 ex
327 1945 381 1997 quo
393 1927 504 1979 Latinus
513 1927 603 1977 vivere
612 1923 745 1976 desierat:
759 1925 906 1992 exspectari
915 1935 1035 1994 poterat,
1043 1923 1118 1976 Lati·

64 2021 116 2056 nos
124 2009 218 2077 potius
233 2008 262 2057 in
273 2006 449 2075 Trojanorum
460 2021 558 2056 nornen
568 2002 688 2055 abituros
701 2019 766 2054 ease.
779 2000 930 2053 Obscurum
942 2013 995 2066 est,
1009 2018 1062 2071 qua
1074 2019 1120 2054 ra·
1188 2052 1191 2060 ,

65 2084 139 2139 tione
149 2087 180 2140 id
190 2089 296 2140 factum
306 2087 353 2150 sit,
362 2097 388 2138 et
395 2085 506 2137 dirersis
514 2083 601 2136 modis
612 2084 715 2134 factum
722 2079 750 2132 id
757 2092 889 2133 narratur.
898 2080 1023 2134 sollerter
1030 2083 1120 2153 itaque

67 2164 207 2219 inventum
215 2177 372 2237 apocta,ut
380 2164 489 2218 foetleris
500 2162 534 2216 de
543 2163 617 2217 bello
626 2181 676 2234 per
685 2173 819 2214 certamen
828 2161 963 2234 singulare
971 2159 1121 2215 dirimendo

66 2245 272 2301 conditionibus
291 2246 349 2300 bac
367 2247 600 2299 constituerentur.
622 2241 800 2298 conditiones
816 2242 896 2314 igitur
914 2240 954 2293 bre
972 2240 1120 2294 babendae=

69 2323 183 2397 Troiani
191 2328 258 2380 victi
265 2345 328 2401 apro
337 2327 500 2380 Laurentum
510 2327 670 2387 excedam,-
680 2322 787 2376 victores
798 2325 940 2394 aquojure
951 2337 1011 2373 cum
1021 2322 1123 2376 Latinis

68 2413 197 2469 utentem·
212 2406 325 2460 laeuus
339 2407 479 2480 imperium
488 2415 515 2458 et
524 2406 707 2474 summumque
719 2402 826 2462 bahem
839 2399 1044 2475 reliqt'onessuas
1061 2402 1123 2453 Tro·

67 2483 129 2552 iuni
139 2485 246 2538 Latinis
259 2486 446 2559 impertiente:
461 2484 602 2538 condenda
612 2484 672 2536 urbi
683 2482 754 2534 loom
766 2481 887 2553 Trojeuis
901 2481 1050 2553 assiquator.
1063 2481 1124 2532 Jam

69 2560 130 2616 baec
139 2583 198 2616 nou
210 2567 267 2618 sine
281 2567 354 2618 omui
365 2565 484 2618 historiae
494 2567 653 2618 auctoritate
664 2583 681 2616 a
689 2574 772 2634 poeta
783 2579 841 2612 esse
852 2559 928 2627 ficta,
941 2577 972 2611 ex
983 2561 1015 2610 iis
1024 2559 1125 2611 intelli-

68 2644 159 2714 gitur,
172 2663 248 2716 quae,
260 2647 309 2697 etsi
327 2647 397 2697 inter
412 2645 531 2696 diversas
543 2656 692 2696 ceterarum
704 2658 794 2692 rerum
810 2640 990 2701 narrationes,
1007 2636 1041 2688 de
1056 2657 1124 2707 pace

69 2735 97 2773 et
107 2723 215 2775 foedere
227 2724 297 2774 inter
305 2725 415 2776 AEneam
429 2735 456 2774 et
465 2723 591 2774 Latinum
602 2721 671 2771 inito
683 2717 783 2769 tradita
794 2717 915 2788 legimus.
932 2713 1013 2785 Apud
1024 2715 1127 2786 Diony-

70 2804 142 2854 sium
151 2804 179 2866 l,
193 2799 229 2870 59
242 2818 275 2852 ex
285 2801 419 2852 communi
431 2800 700 2861 commemoratione,
713 2812 794 2865 quam
807 2794 845 2845 ibi
857 2793 979 2863 exponit,
992 2803 1053 2842 ante
1063 2809 1125 2842 con·

71 2898 197 2953 gressum
210 2881 350 2950 utriusque
361 2880 492 2932 exercitus
507 2877 595 2930 foedus
606 2877 708 2928 iactum
719 2876 790 2925 inter
801 2873 911 2924 AEneam
923 2880 949 2922 et
960 2869 1083 2920 latinum
1098 2871 1127 2921 in

72 2963 123 3016 has
136 2962 226 3032 legent
239 2972 269 3010 ut
284 2960 393 3028 Trojaui
412 2960 565 3029 acciperent
584 2967 689 3008 tantum
707 2953 778 3024 agri,
795 2962 925 3021 quamum
944 2966 960 3000 a
979 2947 1048 2999 colle
1065 2945 1127 3017 (cui

73 3042 218 3094 Lavinium
228 3038 400 3110 impositum)
410 3053 519 3108 quoquo
530 3052 636 3088 versum
647 3031 773 3086 euntibus
785 3027 873 3082 stadia
883 3027 988 3078 circiter
999 3024 1045 3076 XL
1055 3038 1129 3096 pate·

12 3106 14 3120 Ι
72 3131 130 3184 ret;
144 3133 175 3174 ut
188 3136 271 3192 porro
284 3129 378 3170 mutua
391 3117 461 3168 inter
472 3114 603 3183 Trojauos
616 3124 643 3164 et
653 3111 762 3162 Latinos
774 3120 801 3160 et
811 3104 949 3177 presentis
961 3101 1027 3155 belli
1036 3102 1129 3156 adrer-

77 3219 123 3253 sus
143 3199 258 3252 Rutulos
278 3211 305 3252 et
324 3209 474 3250 ceterorum
492 3192 625 3246 bellorum
641 3201 710 3242 esset
729 3188 855 3254 societas,
874 3196 957 3254 utque
975 3200 1128 3236 communes

77 3281 210 3334 utilitates
220 3281 327 3350 utrique
335 3290 450 3331 etmauu
459 3286 485 3328 et
495 3271 607 3326 consilio
616 3269 793 3324 communiter
801 3271 1032 3338 persequerentur.
1043 3265 1129 3320 Prima

78 3358 201 3412 conditio
215 3357 268 3410 hoc
280 3357 341 3410 loco
354 3355 466 3420 amesa,
474 3369 557 3426 quum
566 3354 622 3422 jam
635 3348 670 3404 erl
682 3348 790 3400 alterius
802 3343 961 3397 narrationis
973 3360 1073 3396 morem
1081 3342 1130 3395 ‹le-

79 3438 150 3492 flexa
161 3457 221 3510 sup.
238 3438 285 3492 lib.
302 3436 416 3505 Xl,317
437 3451 496 3506 sqq.
516 3451 549 3486 eu
567 3443 637 3484 esset
652 3430 785 3500 exposita3
798 3425 845 3478 sed
857 3423 1000 3477 amicitiam
1012 3435 1131 3477 mutuam

78 3517 198 3587 bellique
211 3519 364 3570 societatem
382 3513 431 3586 (ut
442 3528 592 3565 coarmantes
610 3509 691 3561 hostes
708 3507 855 3576 amicosque
875 3502 1011 3568 umus,
1030 3502 1131 3556 Auctor
1163 3517 1165 3524 ¹

80 3595 115 3650 ‹le
126 3596 159 3648 0·
173 3596 205 3648 G.
214 3598 245 3648 R.
259 3596 308 3664 13)
321 3597 472 3650 accuratius
479 3604 561 3665 poeta
570 3599 731 3661 exsequutus
742 3599 782 3639 est
791 3581 938 3637 seeundum
950 3601 991 3647 eu,
1002 3601 1069 3654 qna,
1079 3584 1131 3636 foe-

81 3678 146 3730 (lere
157 3677 246 3741 facto,
258 3677 376 3730 evenisse
387 3687 496 3728 narrata
508 3685 577 3726 sunt.
589 3673 641 3723 Dat
653 3672 741 3722 AEnea
751 3668 860 3720 Latinus
869 3663 951 3717 filiam
958 3663 1094 3717 Lauiniam
1103 3667 1132 3718 in

84 3758 302 3812 matrimonium:
319 3755 392 3827 quod
407 3754 557 3827 exemplum
573 3752 679 3824 sequuti
696 3749 755 3814 alii,
770 3747 846 3800 brevi
861 3747 889 3798 in
905 3763 985 3797 unum
1001 3746 1133 3817 populum

84 3838 256 3902 coalescunt,
272 3837 382 3907 Trojani
401 3848 427 3889 et
443 3835 617 3906 Aborigines,
636 3831 789 3899 abeuntque
807 3829 834 3879 in
853 3843 950 3878 nomen
967 3823 1130 3878 Latinorum.

85 3917 158 3968 coni.
175 3915 283 3988 Dionys.
297 3917 322 3981 l,
336 3914 379 3968 6⁰.
397 3915 501 3968 Partem
518 3911 615 3965 barum
627 3927 716 3962 rerum
735 3909 804 3959 inter
820 3905 932 3958 lunonis
949 3920 1043 3975 preces
1058 3902 1132 3952 tovi:

83 4007 233 4052 saturatas
247 3997 333 4051 iactas
344 3994 435 4050 retulit
446 3994 493 4049 lib.
505 3993 568 4059 ΧΠ,
581 3992 629 4046 811
647 4007 705 4060 sqq.
722 3987 810 4060 Quum
824 3987 880 4058 jum
893 3979 1029 4038 connubiis
1038 3995 1130 4054 motta
