2690 4596
201 317 269 400 '454
532 309 746 376 napum
769 311 917 377 vncn

202 442 233 506 Ο
245 439 337 518 felix,
351 459 452 528 quem
464 451 553 501 tanta
566 439 714 500 manent!
729 435 850 500 debinc
862 458 943 523 pace
955 435 1089 502 tenebis
1152 465 1155 471 ¹

200 547 269 612 Sub
281 544 409 634 placida
422 560 555 632 gentem
568 542 698 606 lliacam
711 565 717 603 :
731 557 819 629 post,
834 543 940 607 fessus
953 559 987 606 et
998 565 1071 608 aevo

201 653 397 730 Confectus,
411 647 545 714 tandem
558 647 684 736 Elysias
696 669 791 710 socer
803 646 864 712 ibit
875 646 916 711 ad
930 647 1074 712 Umbras
1088 672 1095 710 :

199 756 364 824 Succedes
377 773 522 844 sceptro,
535 769 636 842 atquc
652 754 738 816 ltalis
751 751 981 833 dominabere,
995 755 1087 842 leges

202 866 405 929 Communes
417 861 623 948 Teucrisque
636 859 746 922 ferens
759 881 765 920 :
779 873 850 921 tum
862 859 957 924 laetus
969 858 1013 923 ad
1024 859 1133 923 altum

203 971 255 1036 Te
267 971 378 1034 mittes
390 968 506 1034 caelum
518 989 526 1028 ι
540 967 585 1030 sic
598 980 661 1029 stat
673 965 835 1028 sententia
847 963 979 1027 Divum.
996 994 1009 1024 n

203 1077 313 1141 Dixit:
328 1094 361 1140 et
373 1074 450 1139 inde
463 1075 552 1137 leves
566 1071 695 1160 fugiens
708 1093 742 1134 se
755 1071 842 1134 vexit
853 1069 896 1133 ad
907 1093 1014 1135 aurae.

248 1187 367 1248 AEneas
378 1197 470 1246 tauto
483 1179 700 1266 stupefactam
712 1176 848 1240 numine
861 1192 1009 1240 mentem

203 1290 393 1367 Perculsus,
409 1288 501 1352 Divae
514 1285 641 1374 peragit
652 1282 805 1347 mandata
817 1283 963 1370 parentis
978 1306 986 1345 τ

203 1398 246 1462 Εῑ
253 1397 322 1486 jam
335 1393 537 1483 compositos
549 1391 638 1455 felici
650 1392 684 1454 in
696 1411 778 1478 pace
790 1388 926 1476 regebat

202 1499 424 1578 Dardanidas3
438 1498 547 1587 etjam
560 1494 727 1560 decedens
739 1510 867 1582 sceptra
880 1495 1017 1559 Latinus

171 1622 173 1631 ·
204 1608 378 1695 Liquerat3
393 1621 425 1669 et
438 1604 511 1691 pius
524 1603 640 1666 AEueas
653 1615 868 1680 successerat,
883 1623 1018 1664 omnem

205 1712 385 1776 Ausoniam
398 1710 529 1798 lataque
541 1724 660 1795 potens
673 1705 800 1770 ditione
813 1705 956 1770 tenebat.

206 1820 279 1883 lam
292 1817 426 1906 paribus
439 1815 598 1904 Phryges,
611 1830 712 1902 atque
725 1813 798 1877 Itali
811 1812 1007 1878 semoribus
1020 1815 1128 1896 ultro,

206 1927 249 1990 Et
261 1926 348 1991 socia
362 1923 487 2012 ingenti
497 1920 674 1985 firmabant
686 1937 820 2008 pectora
831 1943 960 2001 amore3

205 2032 440 2119 Concordique
452 2051 562 2117 aequas
575 2026 757 2092 miscebant
769 2025 895 2090 foedere
908 2026 1008 2114 leges

204 2139 294 2202 Tum
307 2135 419 2201 medio
431 2137 544 2198 Venus
557 2133 722 2197 exsultans
734 2155 769 2196 se
783 2132 918 2196 immisit
929 2133 1075 2222 Olympo

207 2311 268 2381 577.
285 2311 383 2378 Oselix
394 2328 472 2382 quem
491 2321 572 2362 tanta.
588 2307 694 2362 Scilicet
711 2321 869 2362 ornamenta
886 2322 913 2363 et
930 2309 1001 2361 dona
1018 2324 1150 2376 manent,
1170 2329 1263 2382 expec-

207 2403 281 2452 tant;
300 2405 326 2442 et
343 2395 418 2460 cujus
437 2393 463 2440 in
479 2391 591 2461 gratiam
610 2401 682 2440 tanto
702 2392 793 2442 lutura
805 2404 875 2441 sunt.
886 2421 921 2431 -
932 2388 991 2459 579.
1012 2391 1136 2442 Tandem
1151 2391 1264 2465 Elysias.

208 2469 271 2520 Non
283 2470 406 2540 congmit
418 2487 479 2518 cum
490 2469 562 2533 istis,
576 2468 648 2538 quod
662 2469 764 2521 dictu‘m
778 2482 818 2521 est
830 2471 858 2521 in
870 2472 973 2541 primo,
989 2469 1057 2536 263,
1071 2488 1133 2544 sqq.

315 2625 351 2634 -
363 2591 561 2662 Sublimemque
576 2593 646 2644 feres
659 2592 693 2644 ad
706 2591 794 2646 sidera
806 2593 863 2646 caeli

307 2673 513 2744 *Magnanimum
526 2673 635 2724 AEneam
639 2709 759 2725 .......

314 2755 404 2806 Tertia
418 2771 500 2824 quum
513 2752 589 2804 Latio
603 2765 758 2824 regnantem
770 2752 866 2805 viderit
881 2766 973 2820 aestas,

318 2836 459 2906 Ternaque
474 2834 622 2885 transilient
636 2833 740 2886 Rutulis
752 2834 872 2906 hyberna
884 2835 1010 2887 subactis.

208 2955 236 3008 Si
249 2958 334 3020 enim,
346 2955 451 3006 Rutulis
464 2955 598 3021 subactis,
610 2973 666 3006 non
676 2957 726 3007 nisi
739 2968 792 3008 tres
806 2975 891 3008 annos
902 2959 1022 3009 victurus
1035 2955 1136 3010 dicitur
1149 2959 1264 3022 Encas,

206 3043 354 3108 incongrue
367 3036 464 3088 dicitur
476 3034 509 3086 de
521 3037 633 3101 Latino,
651 3035 723 3106 quod
738 3037 842 3088 tandem
860 3037 962 3108 Elysias
975 3037 1007 3088 ad
1019 3037 1131 3090 umbras
1143 3038 1216 3104 ibit5
1232 3036 1265 3090 ad

209 3122 321 3172 AEneam
332 3135 412 3182 vero,
425 3116 541 3167 succedes
556 3127 673 3188 sceptro,
685 3129 764 3187 atque
777 3117 850 3168 Italis
864 3116 1045 3170 dominabere.
1059 3119 1091 3168 A.

241 3198 301 3264 584.
321 3197 405 3248 Tanto
423 3195 596 3266 stupefactam
615 3196 721 3248 nomine
738 3207 852 3247 mentem
873 3195 1029 3262 Perculsus,
1047 3200 1118 3250 tanti
1133 3200 1263 3262 nominis,

209 3291 290 3331 tantae
305 3279 381 3330 lamae
393 3277 581 3347 promissione.
594 3277 626 3326 Α.
638 3307 671 3316 -
683 3277 743 3345 593.
760 3277 829 3328 Tum
844 3279 948 3342 medio,
962 3292 1013 3328 etc.
1026 3278 1193 3350 Aggreditur
1205 3280 1265 3330 ulti·

205 3378 278 3410 mam
290 3371 392 3430 partem
406 3358 512 3427 operis,
525 3375 583 3427 quae
594 3369 632 3408 est
643 3355 676 3408 de
690 3358 864 3410 translatione
872 3361 959 3410 AEneae
970 3359 997 3409 in
1012 3359 1116 3410 caelum.
1129 3363 1170 3412 De
1180 3373 1266 3412 morte

205 3450 296 3488 autem
310 3439 397 3488 AEneae
410 3449 499 3488 narrat
514 3436 636 3501 Servius,
654 3437 743 3508 quod,
761 3438 908 3490 secundum
925 3438 1075 3504 Catonem,
1093 3440 1175 3493 simul
1192 3443 1263 3492 acin

205 3516 311 3567 Italiam
321 3519 406 3578 venit,
416 3517 567 3580 Lauiniam,
580 3517 671 3568 Turno
684 3517 973 3588 desponsatam,duxit
985 3541 991 3569 ι
1005 3519 1078 3572 unde
1091 3534 1169 3572 moto
1181 3520 1267 3586 bello,

206 3596 235 3644 in
253 3595 338 3664 primo
354 3596 446 3665 pralio
461 3599 539 3667 periit
556 3598 683 3665 Latinus,
701 3601 728 3649 in
741 3599 859 3650 secundo
874 3601 977 3669 pariter
988 3603 1099 3652 Turnus
1115 3613 1143 3653 et
1161 3602 1263 3653 AEneas

207 3673 359 3725 Secundum
373 3677 456 3740 alios,
469 3679 554 3730 victor
569 3680 682 3744 AEneas,
699 3698 780 3749 quum
792 3681 954 3732 sacrificaret
967 3699 1048 3751 super
1060 3682 1226 3745 Numicum,
1238 3682 1266 3730 in

206 3754 294 3822 ipsum
308 3752 419 3804 incidit:
436 3769 462 3806 et
475 3775 555 3826 quum
569 3776 626 3808 non¹
637 3773 795 3830 appareret,
808 3759 936 3812 dicebant
950 3759 1030 3811 deum
1045 3759 1200 3833 indigetem
1212 3761 1268 3812 fac-

207 3843 281 3886 tum:
296 3829 365 3880 unde
378 3831 500 3886 Tibullus
512 3835 546 3886 ad
560 3855 636 3888 eum:

313 3951 370 4004 lllic
382 3966 491 4006 sanctus
503 3961 573 4025 eris,
586 3940 673 4031 quuni
681 3976 706 4014 te
718 3962 870 4014 veneranda
882 3961 1006 4026 Numici,

345 4031 425 4085 Unda
438 4033 517 4088 deum
530 4041 594 4092 caclo
607 4044 708 4094 miserit
720 4043 876 4115 indigetem.
