2718 4594
261 295 324 362 288
624 285 928 352 EXGURSUSI
1029 293 1036 308 “

258 420 411 476 vindicant3
426 424 482 464 turn
496 411 638 462 beneventi
655 423 681 462 et
693 411 863 480 AEquitutici:
879 409 950 462 Serv.
965 408 999 461 ad
1010 411 1069 462 AEn.
1087 412 1165 478 VIII,
1178 431 1205 484 9.
1218 415 1299 468 Venn-

259 503 343 564 siam,
355 495 513 558 Canusium,
526 490 692 560 Garganum,
704 490 897 553 Beneventum,
909 489 1055 540 Venafrum
1065 489 1136 542 idem
1147 493 1183 544 ad
1192 495 1244 558 XI,
1258 494 1300 559 246

194 627 196 632 ,
259 587 403 641 memorat,
416 573 556 642 Sipontum
568 566 662 619 Strabo
675 569 727 631 Vl,
739 586 765 637 p.
776 567 827 634 435
837 568 865 618 B.
878 567 962 618 Fuere
975 569 1055 619 etiam
1064 569 1123 621 aliu
1136 583 1230 638 terrae,
1241 591 1300 643 quas

260 659 356 712 adiisse
368 664 490 706 narratus
506 662 546 702 est
563 647 723 699 Diomedes:
737 666 786 698 nec
802 645 882 698 modo
899 649 926 698 in
942 647 1008 699 locis
1020 651 1130 715 vicinis,
1148 664 1179 702 ut
1191 653 1301 704 insulam

260 737 403 806 Corcyram
418 733 527 800 (fragm.
541 725 674 778 Heraclid.
693 725 727 776 de
743 743 799 796 rep.
818 743 879 796 pag.
894 725 961 794 28),
978 745 1070 778 verum
1086 730 1114 780 in
1130 729 1245 802 Libyam
1261 729 1303 782 ad-

262 817 357 868 ductus
370 813 421 864 luit
434 829 449 862 a
460 808 530 860 tuba
549 807 707 877 Libycarum
720 806 756 856 III
772 804 922 874 (Plutarch.
941 805 1062 859 Parallel.
1076 828 1104 879 p.
1120 810 1170 861 311
1189 809 1248 880 11.).
1268 811 1303 860 De

261 892 396 950 Diomedis
407 905 495 942 autern
508 885 640 939 erroribus
654 886 762 936 omnino
772 884 881 936 ridendi
892 884 987 936 Strabo
998 887 1048 954 VI,
1060 907 1086 960 p.
1098 889 1160 956 434
1172 889 1236 956 435,
1247 890 1303 956 436.

262 974 431 1050 Lycophron.
443 990 469 1021 1.
484 969 573 1038 591...
585 965 652 1032 631,
663 978 689 1018 et
701 984 733 1015 ex
744 983 775 1016 eo
786 964 874 1016 Schol.
887 964 962 1017 Iliad.
976 986 1001 1028 s,
1014 969 1075 1034 421.

295 1054 427 1124 Objacent
440 1049 513 1100 litori
525 1045 639 1116 Apuliae,
657 1057 751 1096 contra
763 1057 879 1096 montem
891 1044 1058 1116 Garganum,
1079 1048 1167 1117 quiin
1178 1065 1305 1119 promon-

261 1137 360 1189 torium
379 1131 414 1185 ad
431 1148 503 1181 marc
521 1127 673 1198 procurrit,
688 1124 780 1176 insulae
798 1142 909 1178 numero
932 1137 1000 1188 tres;
1020 1145 1102 1198 quum
1120 1140 1211 1180 tamen
1231 1130 1304 1180 tertia

263 1232 358 1268 saxosa
369 1214 420 1276 sit,
433 1209 491 1260 duae
504 1219 607 1258 tantum
619 1206 753 1255 numerari
765 1203 866 1265 solent;
881 1221 994 1274 quarum
1012 1223 1093 1257 unam
1104 1218 1226 1258 vetustas
1241 1206 1306 1257 irss'u-

263 1293 315 1344 lum
325 1289 496 1344 Diomedem
509 1283 652 1356 appellavit
664 1281 792 1352 (occurrit
800 1285 857 1352 jam
869 1281 941 1353 apud
954 1281 1093 1356 Scymnum
1105 1284 1205 1337 Chium
1212 1304 1237 1336 v.
1247 1285 1306 1352 43ο.

259 1374 322 1441 431.
337 1371 396 1438 431.
409 1367 481 1419 Duas
492 1365 587 1417 Strabo
595 1375 739 1428 memorat,
752 1361 862 1414 alteram
875 1361 1032 1428 habitatum,
1043 1364 1155 1416 alteram
1163 1365 1304 1430 desertam,

261 1451 309 1504 lib.
321 1451 373 1513 VI,
386 1467 414 1518 p.
429 1445 480 1512 435
490 1444 521 1493 Δ.
530 1443 558 1513 );
576 1460 646 1492 nunc
658 1439 729 1491 lsola
740 1440 768 1492 di
782 1439 892 1492 Tremiti
904 1454 959 1506 est,
972 1460 988 1493 a
1000 1455 1074 1495 terrae
1091 1444 1227 1510 motibus,
1240 1461 1305 1514 quo·

262 1550 321 1585 rum
334 1528 445 1598 vestigia
463 1523 545 1575 multa
557 1524 585 1573 in
597 1541 629 1574 ea
645 1532 796 1572 occurrunt.
810 1522 840 1571 ln
858 1519 910 1573 hac
921 1521 1063 1577 Diomedes
1079 1523 1221 1576 hominnm
1232 1540 1304 1575 cons-

260 1609 352 1682 pectui
366 1605 511 1658 subductus
530 1619 561 1652 ac
580 1617 630 1670 pro
652 1597 702 1651 deo
722 1598 808 1651 cultus
828 1601 931 1664 fertur,
954 1614 1125 1653 monumento
1148 1620 1258 1672 quoque
1276 1618 1303 1651 ac

261 1689 375 1740 delubro
384 1685 418 1738 ad
426 1685 551 1735 seriorem
559 1693 661 1731 etatem
670 1692 820 1750 prestante:
829 1679 952 1732 videatur
959 1680 1025 1732 Plin.
1032 1681 1120 1733 lib.IlI
1128 1683 1236 1746 extr.X,
1245 1681 1277 1747 44
1284 1698 1302 1730 s.

261 1771 304 1824 61.
318 1770 389 1819 Inter
401 1765 465 1816 deos
481 1773 617 1832 receptum
626 1762 683 1830 jam
693 1759 828 1833 ¹Pindarus
840 1763 996 1813 memoravit
1011 1761 1087 1812 Nem.
1100 1762 1141 1826 X,
1159 1781 1199 1814 11.
1215 1762 1302 1814 Socios

263 1862 351 1904 autem
363 1849 391 1898 in
404 1862 464 1897 aves
481 1852 596 1892 mutatos
610 1840 719 1911 vulgata
734 1841 799 1891 satis
815 1838 909 1891 fabula
921 1839 982 1891 tulit
997 1863 1002 1891 ι
1024 1839 1119 1910 quibus
1137 1841 1202 1893 hinc
1217 1840 1303 1892 avium

172 1989 175 1993 ¹
260 1930 465 1986 Diomedearum
477 1940 582 1976 nomen.
595 1939 619 1970 v.
630 1921 753 1991 inprimis
770 1919 849 1971 ovid.
865 1921 928 1971 Met.
944 1921 1018 1985 XIV,
1031 1919 1081 1990 457
1094 1937 1154 1991 sqq.
1175 1933 1202 1972 et
1217 1931 1302 1970 noster

262 2024 343 2086 poeta
354 2009 406 2071 XI,
420 2023 508 2076 ²7¹····
521 2003 572 2070 274
583 2001 664 2053 Nunc
675 2001 755 2052 etiam
768 1998 890 2051 horribili
902 1999 958 2051 visu
965 2010 1086 2071 portenta
1095 2010 1259 2072 sequuntur,
1271 1998 1303 2050 Et

260 2091 322 2144 socii
336 2087 424 2139 amissi
436 2082 571 2156 petierunt
580 2079 676 2131 uthere
690 2078 803 2150 pennis,
817 2076 1036 2152 Fluminibusque
1052 2089 1186 2151 vayantur
1200 2095 1258 2130 aves
1259 2113 1301 2127 .....

261 2181 287 2222 et
304 2166 421 2238 scopulos
436 2161 576 2214 lacrimosis
593 2159 697 2212 vocibus
716 2157 834 2230 implent.
853 2158 949 2210 Ortum
964 2159 1062 2210 fabulae
1079 2158 1185 2212 dedisse
1201 2157 1301 2209 videtur

262 2260 363 2300 certum
377 2246 463 2296 avium
475 2258 575 2314 genus,
591 2241 663 2291 circa
673 2239 729 2290 haec
744 2238 805 2291 loca
816 2237 890 2302 sola,
904 2249 934 2288 ut
944 2238 1052 2304 volunt,
1068 2240 1118 2290 vIsi
1130 2232 1256 2301 solitnni,
1271 2235 1300 2287 de

263 2345 317 2398 quo
327 2327 401 2376 locus
414 2323 491 2374 class.
504 2320 570 2371 Pliu.
584 2319 623 2381 X,
637 2318 671 2385 44
684 2336 703 2370 s.
716 2319 766 2382 61,
784 2331 811 2370 et
823 2330 916 2369 auctor
929 2316 961 2370 de
974 2319 1069 2370 Mirub.
1089 2317 1212 2369 Auscult.
1230 2336 1253 2368 e.
1270 2317 1299 2369 80

262 2426 289 2477 p.
302 2422 360 2473 72²·
373 2403 432 2472 723.
444 2399 527 2450 Sociis
538 2415 657 2450 errorum
670 2398 786 2462 amissis,
798 2415 879 2467 quurn
887 2396 1050 2450 consedisset
1061 2399 1089 2448 in
1100 2396 1141 2448 his
1151 2395 1219 2448 locis
1233 2397 1300 2466 igno-

262 2486 311 2546 tis,
331 2498 391 2533 aves
410 2481 471 2528 visae
489 2475 577 2526 locum
593 2474 733 2526 fabulandi
750 2475 894 2546 praebuisse
907 2475 992 2527 videri
1004 2488 1124 2547 possunt.
1137 2474 1253 2525 Plinium
1263 2470 1300 2522 vel

191 2592 194 2598 ‚
261 2563 342 2614 aliurn
357 2557 420 2610 inde
434 2556 544 2607 ductum
556 2555 712 2624 scriptorem
728 2557 867 2626 exscripsit
879 2555 1043 2627 Augustinus
1055 2555 1083 2608 C.
1096 2555 1129 2604 D.
1143 2554 1246 2620 XVIII,
1263 2551 1296 2602 16.

260 2645 323 2694 Non
335 2640 439 2691 dirersu
456 2633 599 2687 admodum
612 2646 652 2686 est
669 2635 787 2684 narratio
805 2633 838 2685 de
851 2634 937 2686 Leuce
953 2633 1062 2685 Achillis
1078 2632 1168 2684 insula
1184 2633 1212 2682 in
1230 2630 1298 2680 ostiis

262 2741 309 2777 seu
326 2717 510 2791 Borysthenis,
531 2735 578 2767 seu
595 2717 687 2788 Tyres,
708 2733 755 2767 seu
774 2717 850 2780 Istri,
869 2713 916 2766 ubi
933 2717 1021 2768 avium
1040 2715 1131 2766 similis
1149 2731 1216 2766 cura
1233 2714 1299 2763 circa

260 2803 370 2856 Achillis
380 2797 510 2852 tumulum
520 2809 644 2848 narratur
652 2796 686 2847 ab
696 2796 810 2847 Arriano
822 2796 850 2846 ln
862 2796 966 2866 Periplo
978 2798 1014 2847 M.
1027 2797 1090 2847 Eux.
1103 2815 1131 2865 p.
1146 2811 1189 2859 22,
1203 2807 1242 2857 et,
1258 2789 1297 2862 qui

260 2884 348 2955 prImo
367 2881 427 2930 loco
449 2890 505 2929 erat
524 2874 788 2939 commemorandus,
808 2893 824 2926 a
840 2873 952 2947 Scymno
973 2875 1039 2926 Chio
1058 2877 1086 2925 in
1102 2876 1209 2944 Fragm.
1223 2891 1249 2942 p.
1268 2867 1297 2934 45

259 2964 309 3014 To.
320 2964 343 3013 Il
353 2962 448 3032 Geogr.
460 2957 543 3009 lluds.
554 2960 582 3008 it.
593 2958 720 3028 Antigon.
731 2957 758 3006 in
768 2954 869 3006 Admir.
883 2975 906 3007 c.
923 2956 985 3023 134,
995 2955 1037 3008 ed.
1048 2953 1188 3008 Becltman.
1202 2972 1229 3023 p.
1242 2951 1295 3004 236·

261 3057 288 3099 et
301 3044 367 3096 Ptin.
385 3042 425 3107 X,
442 3039 484 3106 41.
498 3039 533 3090 cf.
547 3036 579 3089 de
592 3037 643 3088 hac
656 3035 744 3088 insula
757 3033 916 3090 Vauvilliers
928 3037 1012 3088 Notas
1027 3035 1061 3088 ad
1077 3033 1204 3104 Sophocl.
1217 3033 1248 3082 T.
1264 3031 1296 3093 Il,

259 3145 287 3197 p
301 3125 343 3177 61.
355 3122 474 3188 Tertium
489 3117 572 3169 simile
585 3116 626 3168 his
639 3119 727 3168 avium
737 3133 820 3188 genus
830 3115 947 3167 nobilius
957 3118 1026 3167 forte
1039 3116 1132 3168 ceteris
1141 3115 1194 3164 Iuit
1204 3110 1296 3164 Melea-

257 3202 381 3278 yridum,
394 3197 428 3250 ad
441 3195 570 3248 tumulum
583 3180 711 3267 Meledgri
722 3197 750 3245 in
760 3194 857 3246 AEtolia
866 3196 982 3246 visarum
993 3217 999 3245 z
1016 3194 1049 3246 dc
1062 3193 1157 3265 quibus
1168 3211 1194 3244 1,
1205 3190 1295 3242 AElian.

260 3282 294 3332 11.
310 3280 341 3328 A.
354 3279 403 3341 IV,
416 3276 467 3341 42,
480 3276 526 3326 ubi
545 3276 579 3325 cf.
599 3273 744 3329 Schneider
761 3285 787 3324 et
804 3275 931 3326 Antonin.
952 3270 1126 3343 Metamorph.
1140 3290 1164 3322 c.
1184 3287 1209 3321 2.
1227 3267 1297 3318 Anti·

258 3377 321 3430 gon.
332 3357 434 3428 Caryst.
448 3375 471 3406 c.
488 3371 526 3405 11.
540 3367 566 3407 et
577 3353 615 3405 ihi
626 3353 766 3405 Beclrman.
778 3356 822 3424 qui
829 3353 961 3422 judIcium
970 3371 1060 3406 eorum
1070 3352 1186 3402 firmavit
1199 3351 1246 3420 qui
1257 3362 1294 3399 eas

259 3455 316 3491 esse
329 3448 438 3488 censent
450 3448 555 3486 nostras
572 3432 734 3499 Perlhiiner,
750 3433 882 3494 Pintudes.
899 3452 924 3484 v.
938 3434 1036 3486 Plinius
1050 3433 1087 3497 X,
1107 3432 1139 3484 26
1156 3449 1179 3481 s.
1198 3431 1241 3499 37.
1257 3427 1293 3480 38·

259 3533 325 3588 quas
344 3517 439 3566 iterum
458 3533 487 3566 ex
505 3515 600 3565 Africae
620 3512 829 3564 occidentalibus
850 3515 904 3564 oris
926 3515 952 3565 in
972 3514 1105 3584 Europam
1122 3516 1295 3582 apportarunt

257 3594 353 3648 Franci
364 3594 427 3645 Saec.
438 3595 506 3644 XIV.
519 3595 699 3644 Exornaverut
717 3592 837 3644 fabulam
848 3594 876 3643 in
887 3593 1022 3665 Meleapro
1033 3610 1081 3644 suu
1094 3590 1257 3661 Sophocles,
1267 3584 1295 3635 de

260 3691 313 3744 quo
325 3691 350 3721 1.
363 3671 429 3721 Plin.
442 3671 563 3723 XXXVII
573 3691 593 3723 s.
609 3689 654 3737 11,
671 3687 692 3722 1.
705 3673 823 3723 Tertium
837 3691 919 3744 genus
932 3673 1084 3724 fabulosum
1098 3682 1138 3722 est
1149 3667 1295 3723 Memnoni·

258 3754 323 3804 dum
339 3751 426 3801 avium
443 3769 474 3802 ex
490 3753 577 3804 cinere
596 3754 745 3804 Memnonis
764 3751 943 3815 evolantium
961 3767 1084 3806 notarum
1104 3750 1146 3802 vel
1168 3768 1203 3801 ex
1220 3745 1293 3799 01111.

257 3833 321 3882 Met.
338 3827 383 3878 lib.
395 3829 471 3894 XIII,
484 3828 535 3898 576
547 3849 602 3902 seq.
615 3849 640 3882 1.
653 3831 749 3884 AElian.
762 3833 794 3883 11.
804 3831 836 3884 Α.
848 3834 885 3900 V,
905 3851 926 3885 1.
937 3833 1052 3901 Quintus
1063 3831 1109 3883 lib.
1122 3831 1161 3895 II,
1180 3829 1234 3898 569
1244 3845 1294 3896 seq-

257 3905 384 3961 Moschus
394 3908 428 3956 lll
437 3944 446 3972 ,
464 3907 1259 3972 44..

1341 2158 1343 2197 l

1342 2201 1343 2242 l

293 3985 425 4038 Habemus
437 3985 571 4038 Benedicti
589 3986 751 4045 Cochorellae
768 3990 975 4074 descriptionem
991 3989 1082 4046 insula
1097 3986 1295 4040 Tremitaneis
1340 3975 1341 4000 ³
