2690 4598
236 335 275 400 18
475 333 518 403 P.
542 329 772 394 VIRGlLIl
794 331 1024 399 MARONIS

235 455 411 543 indulgent
422 454 514 534 vino,
528 471 561 520 et
572 470 704 520 vertunt
714 470 855 520 crateras
865 454 1001 522 ahenos.

234 562 417 627 Conlucent
431 562 523 649 ignes
535 584 541 622 :
555 576 687 625 noctem
698 559 847 626 custodia
859 558 950 626 ducit

235 670 424 732 insomnem
436 665 527 732 ludo.

279 777 358 838 Haec
371 795 500 860 supere
513 771 597 836 vallo
609 787 820 858 prospectant
832 773 951 851 Troes,
965 769 998 838 et
1009 775 1108 838 armis

233 881 306 944 Alta
318 895 446 958 tenent;
460 901 521 942 nec
534 899 601 942 non
613 875 735 964 trepidi
746 875 923 942 formidine
934 895 1047 966 portas
1337 965 1338 970 ἵ

233 987 426 1075 Explorant,
440 984 616 1073 pontisque
630 984 1088 1073 etpropugnaculajungnnt;
1237 1017 1283 1064 η..

232 1093 312 1156 Tela
326 1106 461 1178 gerunt:
475 1089 596 1153 instant
608 1087 800 1154 Mnestheus
813 1111 954 1177 acerque
966 1091 1130 1172 Serestus3

232 1199 323 1281 Quos
334 1213 428 1284 pater
440 1197 569 1273 AEneas,
585 1195 612 1258 si
624 1192 757 1281 quando
769 1192 906 1258 adversa
919 1212 1088 1276 vocarent,

230 1304 387 1370 Rectores
396 1301 571 1389 juvenum,
585 1315 618 1364 et
629 1321 740 1362 rerum
753 1297 845 1363 dedit
857 1321 928 1364 esse
941 1301 1123 1387 magistros.

230 1493 284 1524 cum
294 1476 324 1522 al.
333 1477 397 1521 Bona
408 1486 484 1519 tamen
493 1471 606 1518 librorum
616 1488 669 1534 pars
678 1475 801 1534 Purpureis
812 1477 885 1519 cristis
894 1473 1005 1520 exhibent
1021 1492 1057 1537 ap.
1074 1477 1136 1522 Pier.
1154 1489 1179 1523 et
1196 1479 1281 1526 Heius.

229 1572 262 1585 -
273 1546 323 1592 165.
336 1551 438 1590 evertunt
447 1541 512 1588 leid.
523 1559 534 1587 a
545 1557 575 1587 m.
584 1559 621 1604 pr.
631 1558 663 1588 er.
675 1558 756 1589 aurem
771 1545 845 1602 (binis
855 1543 962 1608 syllabis)
974 1544 1087 1590 Montalh.
1097 1561 1141 1608 pro
1154 1563 1206 1593 var.
1222 1547 1279 1594 lect.

229 1644 262 1656 -
276 1618 325 1663 166.
335 1616 437 1662 custodit
444 1615 530 1659 ducunt
537 1613 606 1660 Goth.
615 1626 667 1661 tert.
678 1615 754 1674 Quam
763 1615 849 1679 cupide
859 1615 903 1662 hoc
911 1617 1045 1677 arripuisset
1053 1618 1147 1674 lleine,
1159 1621 1180 1664 si
1190 1618 1282 1665 alicubi

229 1692 361 1752 reperisset.
374 1689 441 1733 Nunc
451 1685 520 1734 tideo
529 1689 561 1731 sic
573 1687 706 1734 emendasse
717 1703 812 1750 quoque
826 1687 1019 1750 Cuninghamum
1031 1713 1063 1724 -
1077 1688 1127 1734 168.
1138 1691 1283 1754 Despectam

229 1762 290 1807 Ven.
301 1770 327 1806 ut
335 1763 403 1804 armis
411 1757 505 1805 emend.
515 1757 658 1811 Wahelield,
670 1760 759 1820 pat-iter
769 1775 796 1804 ac
806 1759 872 1815 Vlll,
886 1759 940 1805 605.
952 1783 984 1795 -
997 1759 1048 1820 169.
1064 1770 1080 1805 t.
1089 1761 1112 1822 f.
1121 1775 1211 1824 pennas
1221 1763 1280 1808 edd.

227 1835 297 1878 Nonii
306 1829 410 1876 Marcelli
418 1833 442 1875 in
450 1827 578 1890 explorare,
588 1841 614 1874 ut
620 1832 704 1890 pinnas
711 1828 765 1876 valli
773 1828 945 1892 subintelligat,
956 1842 1052 1876 nottmte
1062 1832 1167 1877 Heinsio.
1179 1857 1212 1866 -—
1225 1849 1279 1894 ¹7⁰·

228 1919 272 1967 que
282 1902 346 1948 abest
360 1901 421 1946 binis
436 1901 515 1945 Burin.
525 1923 556 1934 -·-
569 1913 618 1960 ¹7¹·
631 1899 655 1944 Si
668 1897 869 1962 Telaperuntest,
886 1902 967 1944 armati
982 1911 1048 1955 sunt,
1059 1902 1135 1945 otiosa
1145 1913 1182 1946 est
1191 1901 1282 1948 lacinia

227 1975 328 2039 postilla
340 1990 346 2022 t
361 1982 383 2021 et
397 1975 466 2020 ermis
481 1970 529 2018 alta
545 1979 628 2017 terrem.
641 1974 726 2017 Sensus
734 1975 814 2034 itaque
830 1984 881 2018 esto
892 1989 897 2015 :
909 1972 1025 2028 afferunt,
1037 1985 1132 2034 portam
1146 1973 1249 2020 missilia
1260 1988 1284 2021 et

226 2047 274 2098 alia
282 2047 341 2102 tela,
353 2045 438 2107 quibus
448 2059 507 2106 opus
516 2058 566 2089 esse
575 2055 675 2104 poterat.
685 2045 760 2088 Instat
769 2043 858 2106 aliquot
867 2045 947 2090 lleins.
958 2059 1011 2089 cnm
1020 2044 1082 2090 binis
1091 2044 1162 2089 Goth.
1177 2071 1211 2080 -
1226 2047 1279 2108 173.

224 2122 305 2183 juvati
311 2116 390 2165 surm.
400 2117 488 2177 recepit
497 2115 623 2160 lectionem
633 2115 675 2162 Ge.
686 2116 793 2160 Fabricio
802 2115 859 2160 olim
869 2131 882 2160 e
893 2117 986 2161 Donato
997 2115 1126 2177 probatam.
1136 2115 1208 2161 lllulla
1221 2133 1282 2163 suc-

225 2193 308 2238 toritas
324 2187 421 2234 attam
437 2198 522 2248 preter
536 2201 572 2246 pr.
588 2187 684 2243 bamb,
704 2189 746 2248 qui
762 2187 931 2249 provenient.
948 2187 1056 2232 habehat.
1071 2190 1182 2249 Agnoscit
1197 2199 1281 2236 tamen

226 2262 298 2306 mam
307 2258 401 2303 Servius
407 2255 517 2301 lectionis
526 2255 695 2311 diversitatem,
707 2255 784 2312 nude,
796 2270 865 2318 puto,
879 2259 904 2301 in
913 2257 951 2302 cd.
961 2257 1111 2318 Stephanian.
1121 2259 1196 2304 venit.
1207 2260 1284 2304 Rece-

226 2331 263 2392 pit
278 2341 373 2390 quoque
389 2324 544 2386 Cuningham.
558 2327 727 2388 decipiendum
736 2329 767 2372 ita
780 2327 810 2372 de
826 2328 931 2374 Ascanio.
944 2329 1032 2372 Verum
1045 2327 1110 2372 hune
1123 2329 1150 2373 in
1164 2329 1280 2383 modum,

227 2410 298 2460 puto,
313 2406 381 2457 poeta
391 2393 496 2440 dicturus
506 2406 555 2440 erat
565 2411 659 2460 :puero
672 2398 733 2456 Quos
746 2409 812 2460 pater
822 2399 942 2442 AEueas-
949 2399 1053 2444 dectores
1068 2413 1156 2460 μικτος
1167 2411 1196 2442 ut
1208 2401 1281 2445 toties

227 2467 279 2514 aliis
289 2466 361 2521 locis,
374 2462 439 2512 tutus
449 2467 642 2526 pscr‚'Ascmtins
649 2483 719 2530 puer,
731 2481 754 2513 et
761 2483 826 2530 puer.
838 2468 955 2524 absolute,
965 2479 993 2513 nt
1003 2469 1036 2520 X,
1050 2483 1092 2530 7o;
1103 2481 1149 2513 uec
1157 2483 1236 2512 unum
1247 2467 1282 2513 le·

202 2589 204 2595 ¹
227 2553 282 2585 eum
298 2551 420 2584 occurrere
437 2537 545 2592 memini,
564 2553 612 2600 quo
628 2540 738 2584 manius
752 2538 846 2600 juvenis
857 2537 961 2592 dicatum
979 2537 1043 2598 quod
1057 2536 1185 2582 contrade
1196 2538 1282 2582 Turno

226 2607 335 2657 sollenne
348 2620 389 2654 est.
401 2606 487 2654 Melius
499 2608 558 2654 adeo
571 2621 632 2665 erat,
644 2621 789 2655 constantem
802 2608 915 2654 librorum
924 2608 1050 2655 lectionem
1063 2610 1166 2654 retinere
1178 2623 1185 2653 t
1197 2609 1282 2654 Recto·

227 2749 725 2815 *tilddlternisexcubiasetaliamu·
770 2745 1278 2820 militumpermurumessetliber.itti.

226 2831 273 2883 nia
289 2829 414 2880 militaria
431 2827 547 2878 obeunt:
563 2827 616 2876 vid.
636 2830 723 2879 Burm.
773 2831 823 2894 lx,
836 2830 888 2895 664
900 2831 928 2878 It
939 2827 1039 2880 clamor
1050 2828 1166 2898 tntisper
1175 2845 1282 2898 propu-

227 2935 261 2948 ·-
275 2909 331 2960 165.
342 2917 368 2972 et
379 2915 484 2958 vertunt
492 2915 603 2958 craterus
611 2905 724 2972 ahenos,
770 2907 887 2982 ynacula
897 2909 985 2960 muris.
991 2909 1069 2958 Nunc
1077 2906 1172 2957 dubito
1181 2926 1217 2958 an
1223 2927 1282 2960 rec·

226 2989 358 3040 inclinant
371 2987 462 3036 vinum
477 2985 504 3033 in
521 2984 617 3054 pocula
634 2986 725 3036 inlun-
774 3003 799 3040 te
816 2991 962 3040 statuerim.
979 2984 1222 3058 Propuqnnculum
1240 3002 1281 3040 est

226 3069 315 3120 dendo
328 3090 334 3118 :
348 3083 404 3118 esse
416 3063 613 3116 hemistichium
627 3063 725 3117 Ennia·
773 3067 849 3120 locus
857 3069 983 3132 munitus,
991 3067 1197 3129 munimentum,
1204 3067 1280 3119 unde

227 3167 304 3212 num,
317 3147 421 3200 Servius
432 3145 518 3196 docet.
773 3161 975 3218 propugnatur:
988 3157 1077 3217 potest
1090 3142 1158 3196 adeo
1176 3144 1234 3196 dici
1247 3145 1282 3198 ds

265 3228 324 3279 16&
333 3226 413 3277 arenis
422 3223 477 3288 alta
486 3235 590 3276 teuent:
601 3223 662 3275 be.
673 3225 727 3276 val·
773 3245 868 3291 muro.)
882 3227 957 3278 turri.
968 3226 1027 3276 Jsm
1039 3241 1121 3294 genus
1135 3235 1176 3275 est
1186 3227 1281 3276 muni·

225 3306 281 3358 lum
292 3305 386 3375 (poeta
397 3322 446 3372 per
456 3321 546 3354 muros
558 3301 687 3373 declarat)
699 3316 726 3355 et
772 3308 855 3358 menti
868 3305 1070 3358 semicircularis
1085 3315 1148 3354 ante
1159 3303 1282 3369 vallum,

226 3398 313 3436 turres
335 3383 429 3433 armati
449 3394 589 3452 occupant.
608 3409 643 3419 -
667 3397 723 3452 17m
772 3405 821 3439 seu
832 3405 937 3438 murm
946 3384 1185 3454 astrorumquod
1194 3398 1282 3455 pont·

226 3459 725 3536 pontesetpmpupnaculajunpuet.Ut
770 3468 846 3538 jungi
866 3481 926 3520 em
942 3465 1013 3518 vallo
1029 3481 1138 3516 necesso
1158 3478 1218 3526 est;
1241 3465 1282 3516 di.

228 3539 314 3596 amnis
323 3549 404 3609 ponte
409 3539 549 3609 jungitur,
564 3541 628 3609 ripis
642 3551 724 3608 ponte
772 3561 878 3598 versum
894 3546 929 3598 ab
947 3545 1031 3597 altero
1051 3543 1143 3594 similis
1162 3545 1281 3610 formae,

225 3621 341 3688 junctis,
362 3628 392 3668 ut
410 3619 534 3668 transitus
558 3629 666 3687 pateat,
686 3620 724 3670 sic
773 3624 892 3694 quadiu
913 3627 972 3694 ipso
990 3623 1062 3675 vallo
1083 3621 1282 3674 inaedificatam

226 3694 427 3769 propugnacula
429 3699 584 3768 junpuntur
590 3698 722 3768 pontt'bus,
771 3716 820 3754 est.
826 3703 925 3755 smilis
935 3704 1012 3754 tumis
1022 3716 1105 3773 ponte
1112 3705 1210 3770 juncta
1219 3702 1282 3754 val-

228 3789 258 3828 ut
268 3775 303 3826 sd
312 3793 344 3828 ea
353 3787 444 3845 pateat
453 3774 727 3846 aditushccipiebam
774 3782 801 3832 lo
815 3795 977 3833 memoretur
988 3784 1036 3832 inf.
1051 3781 1102 3832 530
1112 3798 1154 3849 sq.
1169 3810 1205 3818 -
1220 3796 1282 3850 ¹7¹²
1337 3807 1338 3828 ;

228 3855 432 3929 peopugnacula
440 3853 473 3904 de
483 3854 599 3908 turribus
612 3857 639 3906 in
650 3874 725 3906 mnro
776 3859 827 3912 tela
838 3872 951 3933 peruret:
968 3871 1115 3931 congerunt
1132 3871 1160 3912 et
1178 3875 1284 3930 appor-

228 3934 725 4003 velvallo,quaequumaltioresessent‚
774 3952 832 3992 tant
852 3935 978 4005 missilia,
1001 3955 1115 4010 quonam
1134 3955 1200 3990 usus
1221 3955 1282 3990 esse

228 4018 277 4068 vise
292 4015 361 4066 forte
379 4012 414 4066 ad
429 4031 474 4064 aas
491 4026 565 4064 erant
583 4014 725 4078 faciendae,
774 4030 888 4087 poterat.
901 4020 972 4069 conf.
988 4020 1051 4069 Var.
1069 4017 1143 4068 Lect.
1159 4047 1195 4056 --
1219 4017 1281 4087 ¹73-

230 4111 296 4166 quss
309 4093 427 4168 appellat
433 4105 527 4166 pontes
534 4113 543 4158 5
557 4091 725 4152 utdiscursus
774 4096 890 4151 dectores
900 4098 1047 4168 juvenum
1058 4097 1161 4150 frustra
1173 4095 1208 4184 de
1220 4114 1283 4168 Ρι-
