2690 4598
297 273 531 341 AENEIDOS
555 277 706 341 LIBER
729 276 791 343 IX.

57 395 187 487 Euryalus
199 398 371 464 confestim
383 399 503 464 alacres
515 398 680 464 admittier
692 417 800 482 orant3

57 506 119 566 Rem
129 526 287 590 maguam,
301 505 510 592 pretiumque
522 527 623 568 morae
635 506 706 569 fore
718 529 725 567 :
738 507 863 594 primus
876 505 965 571 Iulus

56 606 169 694 Adcepit
179 606 339 695 trepidos,
353 631 389 672 ac
402 609 517 672 Nisum
531 608 639 673 dicere
647 609 754 699 jussit.

56 713 124 774 Tum
134 713 175 777 sie
187 712 378 802 Hyrtacides
391 737 396 775 :
415 713 559 778 «Audite
572 737 592 778 o
605 716 768 781 mentibus
782 717 896 806 aequis,

57 817 292 896 AEneadae3neve
305 819 374 883 haec
387 819 506 883 nostris
519 836 708 907 spectentur
719 821 759 884 ab
772 823 878 901 annis,
1051 833 1063 881 5

57 923 119 1002 Quae
130 923 266 986 ferimus.
282 923 394 988 Rutuli
406 946 523 987 somno
535 925 680 1013 vinoque
694 926 792 990 soluti

58 1027 240 1107 Conticuere3
253 1029 364 1094 locum
377 1028 502 1092 insidiis
515 1031 744 1117 conspeximus
757 1032 832 1119 ipsi,

57 1133 106 1211 Qui
117 1151 195 1219 patet
206 1136 239 1198 in
250 1135 341 1199 bivio
353 1152 471 1222 portae,
485 1159 558 1224 quae
571 1137 719 1224 proxima
730 1154 849 1225 ponto;

28 1265 29 1292 2
58 1237 210 1326 Interrupti
223 1241 329 1328 ignee,
342 1257 477 1328 aterque
490 1239 532 1304 ad
545 1239 651 1304 sidera
661 1243 774 1306 fumus

28 1331 29 1334 Ἴ
58 1345 195 1430 Erigitur:
208 1347 235 1410 si
248 1351 390 1410 Fortuna
404 1349 591 1435 permittitis
605 1350 667 1428 uti,

28 1483 29 1492 κ
58 1449 211 1529 Quaesitum
223 1455 347 1516 AEnean
359 1451 401 1515 ad
413 1453 532 1516 moenia
545 1454 708 1517 Pallantea

1019 279 1094 346 25‘

1027 1361 1069 1418 rio

58 1599 142 1664 ideoque
152 1606 197 1665 ipsa
209 1618 281 1651 eastra
292 1622 398 1667 campum
408 1608 467 1651 intra
477 1605 562 1653 vallum
573 1605 697 1652 habebant.
709 1629 741 1640 -
753 1603 803 1649 233.
815 1603 845 1647 Α.
856 1610 935 1664 partus
945 1611 968 1647 et
977 1603 1070 1646 messum

59 1669 112 1715 Goth.
127 1684 173 1719 tert.
184 1699 214 1710 -·
226 1675 278 1731 234.
294 1679 358 1721 Tunc
371 1688 423 1721 ante
436 1677 496 1722 Pier.
508 1703 540 1711 -
553 1677 604 1722 236,
623 1675 692 1720 soluti
702 1675 805 1736 reposuit
823 1673 901 1719 Heius.
919 1688 971 1717 cum
984 1671 1070 1716 Medic.

58 1751 75 1783 et
84 1740 135 1797 aliis,
153 1747 216 1790 etiam
232 1748 392 1792 Pierianorum
411 1759 475 1808 parte
488 1745 579 1805 (solutis
591 1747 686 1803 Rom.):
702 1756 727 1790 ut
742 1745 844 1790 varietur
861 1743 943 1788 oratio.
961 1739 1006 1786 Alii
1018 1755 1071 1786 cum

58 1809 120 1854 Servio
128 1811 213 1874 sepulti,
225 1815 289 1877 quod
301 1815 408 1861 relictum
419 1815 492 1864 voluit
503 1819 579 1862 versui
593 1817 642 1876 189.
662 1813 731 1860 Goth.
743 1825 795 1858 tert.
807 1815 910 1876 qruvoti:
922 1811 1016 1857 obvium
1024 1811 1071 1854 uti-

58 1893 93 1939 que
107 1893 126 1925 et
141 1882 203 1939 alias,
221 1885 263 1931 sed
278 1901 328 1930 uon
344 1885 367 1930 h.
386 1885 402 1930 l.
423 1886 604 1932 obtrudendum.
617 1911 647 1919 -
660 1885 711 1946 237.
726 1884 856 1928 Conticuere
867 1895 947 1925 omnes
958 1879 1072 1933 Pieriam,

60 1948 146 1998 lledireo
157 1969 261 2018 excepto,
275 1959 346 2003 etiam
358 1956 461 2003 Perrhae.
474 1957 543 2003 Goth.
555 1969 607 2002 tert.
620 1956 667 2001 liri.
680 1970 721 2000 ms.
732 1952 791 1998 Coll.
808 1955 864 1997 lesu
879 1966 931 1995 eum
947 1951 1038 1993 Donato
1050 1959 1075 1992 et

60 2017 100 2063 edd.
111 2021 205 2085 aliquot:
225 2026 316 2072 Zulich.
331 2028 455 2073 Convertere
467 2026 504 2073 vel
516 2027 662 2072 Conticuere:
677 2035 703 2069 ut
714 2026 785 2069 muer
796 2022 914 2067 Heinsium
926 2033 974 2063 nou
986 2016 1044 2063 eth.
1056 2014 1074 2060 l.

59 2091 124 2134 uariari
133 2109 218 2139 versum
233 2111 275 2156 ¹9⁰
284 2095 385 2144 voluisse
396 2113 401 2142 ε
417 2099 441 2141 in
452 2113 500 2160 quo
511 2108 544 2142 est
554 2094 708 2149 Procubuere,
722 2093 794 2155 idque
804 2089 924 2152 reliquisse
933 2087 957 2134 h.
967 2085 984 2131 l.
995 2095 1075 2130 contra

59 2159 113 2202 codd.
129 2177 266 2212 eonsensum.
283 2170 439 2231 prospeximus
450 2169 509 2213 Ven.
521 2192 553 2203 -
565 2167 617 2212 238.
634 2165 700 2223 Quod
708 2182 731 2227 p.
745 2162 810 2208 Leid.
826 2176 877 2224 quur
887 2173 998 2222 proxuma
1008 2163 1076 2219 ponto

60 2235 86 2269 est
98 2227 175 2293 aliquot
186 2235 244 2280 Pier.
258 2248 282 2282 et
298 2236 367 2282 Goth.
385 2252 429 2283 sec.
441 2263 473 2272 —
486 2237 536 2298 ²39·
547 2252 574 2282 ac
587 2236 656 2281 tendit
666 2234 697 2279 ad
712 2231 793 2279 athera
805 2231 887 2294 fumus
898 2227 966 2273 Goth.
980 2236 1032 2272 tert.
1044 2247 1076 2260 -

62 2294 101 2348 ²41.
112 2308 131 2343 et
140 2307 227 2360 meniu,
239 2303 263 2350 h.
276 2323 296 2351 e.
310 2309 431 2369 quaesitum
445 2309 530 2352 dinem
543 2318 566 2352 et
576 2308 672 2360 moenia,
686 2303 754 2350 codd.
763 2304 836 2356 Pice,
854 2302 915 2346 inter
927 2297 1075 2360 quoslloma·

59 2376 106 2410 ¹¹⁰8:
117 2380 158 2414 tum
170 2372 236 2418 codd.
249 2375 337 2420 Medic.
352 2388 375 2423 et
386 2379 488 2439 potiores
506 2375 546 2422 alii
564 2377 644 2422 Heius.
657 2389 710 2420 cum
721 2371 890 2418 recentioribus
905 2369 982 2412 Burm.
995 2377 1018 2411 et
1029 2364 1077 2409 Go-

59 2433 133 2485 1l1³nis:
144 2442 193 2488 edd.
206 2461 301 2508 quoque
313 2459 369 2493 vett.
381 2449 412 2493 ad
422 2451 503 2493 moeniu
517 2458 594 2493 tamen
612 2447 690 2492 editur
708 2443 763 2490 inde
783 2443 811 2487 ab
826 2441 895 2486 Aldd.
912 2438 1001 2484 Pendet
1011 2435 1077 2499 judi-

59 2508 118 2564 cium,
134 2515 193 2575 quod
210 2519 291 2574 iacias,
312 2518 340 2563 ab
357 2520 558 2581 interpunctione,
574 2531 596 2563 et
608 2519 636 2562 ab
649 2517 851 2578 interpretatione,
868 2527 938 2574 quam
949 2507 1078 2556 secundum

60 2576 111 2624 illam
120 2582 202 2633 leceris.
218 2589 282 2647 Quid
294 2588 335 2635 alii
347 2593 439 2653 sequuti
451 2592 509 2645 sint,
524 2606 552 2635 ex
564 2591 753 2651 interpunctione
766 2601 846 2632 eorum
857 2585 947 2645 assequi
958 2577 1078 2625 nonlicet.

59 2646 129 2698 Verum
141 2656 261 2720 dupliciter
272 2664 408 2723 interpungi
422 2674 445 2709 et
456 2663 566 2707 constitui
578 2660 643 2706 locus
660 2672 749 2722 porcam
770 2669 809 2716 aut
827 2658 871 2712 sic,
890 2667 916 2700 ut
931 2652 987 2699 olim
1000 2663 1022 2696 et
1033 2650 1078 2710 ipsi

59 2718 151 2772 ferinus:
162 2729 186 2772 Si
195 2730 296 2778 Fortuna
306 2732 434 2794 permittitis
447 2733 492 2787 uti,
508 2731 632 2789 Quaesitum
642 2732 731 2776 AEnean
741 2729 772 2773 ad
782 2729 862 2772 moenia
874 2722 1008 2769 Pallanteo?
1022 2719 1079 2763 M⁰³⁶

60 2848 111 2898 nitie
125 2866 246 2904 erant-
257 2837 319 2909 232.
336 2855 399 2906 Rem
415 2874 537 2928 inaquam
561 2891 563 2900 ,
586 2873 720 2927 egressum
739 2850 884 2904 referendae
904 2859 974 2898 sunt.
1000 2845 1079 2892 Porta

61 2942 82 2974 se
92 2928 177 2982 allerre
194 2944 220 2984 et
233 2933 352 3004 pretium
362 2933 424 3003 fore
441 2950 535 2996 moroe,
584 2937 678 3006 igitur,
686 2932 785 3005 quaead
794 2950 865 2982 mare
875 2927 1003 2983 ‹lucebat›
1013 2921 1080 2971 ‘1⁰⁸⁸

60 3005 105 3056 scil.
125 3026 198 3078 quam
217 3030 266 3064 suo
289 3012 405 3065 adventu
422 3014 538 3064 aflerant

61 3088 171 3153 consiliis;
181 3110 226 3145 seu
237 3092 326 3162 simpl.
336 3111 408 3143 mora
415 3111 464 3163 pro
474 3105 538 3144 tem-

60 3184 126 3236 pore,
145 3173 214 3242 quod
232 3176 329 3225 nuntio
344 3173 476 3225 audiendo
489 3174 538 3222 irn-

60 3255 151 3316 pensuri
165 3256 229 3315 sint3
250 3254 297 3306 alii
309 3255 347 3306 sic
362 3264 538 3324 acceperant,

60 3340 82 3376 ut
94 3332 199 3398 pretium
216 3337 250 3385 sit
269 3351 319 3405 pro
340 3351 433 3404 poena,
454 3351 539 3394 noxa,

61 3427 126 3476 quam
135 3412 222 3464 luituri
232 3417 302 3478 sint,
313 3414 337 3466 ,si
344 3432 399 3463 non
409 3411 540 3484 extemplo

59 3507 82 3538 se
93 3491 233 3545 admittant.
247 3512 271 3545 u.
286 3493 358 3544 Serv.
372 3523 406 3530 —
418 3492 475 3544 233.
484 3502 543 3544 ,tre-

58 3568 121 3637 pidos
131 3590 175 3640 pro
187 3573 306 3636 festinis,
319 3586 348 3622 ut
361 3583 436 3637 ante,
445 3570 543 3622 alacres

60 3665 100 3714 pro
115 3652 264 3716 concitatis,
281 3653 346 3722 poni
357 3669 372 3703 a
383 3662 476 3721 poeta,
491 3668 544 3702 me·

59 3729 131 3778 moria
142 3729 301 3782 tenendum:
317 3733 392 3794 item,
412 3746 474 3779 mox
493 3727 543 3778 236

55 3803 117 3872 ferre
128 3827 181 3860 esse
194 3810 327 3860 nuntiare.
336 3808 375 3859 De
385 3809 437 3858 situ
447 3819 545 3858 castro·

60 3900 109 3933 rum
124 3905 147 3935 v.
164 3887 213 3939 238
226 3887 288 3938 vide
301 3886 335 3938 ad
347 3906 372 3937 v.
389 3885 437 3956 195
450 3886 544 3936 Excur.

60 3958 110 4032 l†:
125 3963 223 4018 insidior
235 3965 262 4018 h.
276 3965 294 4016 l.
308 3964 343 4024 ad
353 3965 546 4020 clandestinum

585 3017 641 3065 vias
663 3011 840 3073 ostendebat,
865 3023 976 3077 quarum
998 2999 1082 3052 altera

585 3096 745 3145 Laurentum
762 3103 788 3142 et
804 3106 852 3159 per
869 3097 954 3136 castra
969 3079 1082 3132 Rutulo-

586 3192 646 3225 rum
658 3171 787 3234 ducebat‚
802 3169 847 3238 qui
862 3165 895 3216 ab
908 3164 948 3215 his
961 3160 1081 3233 partibus

588 3262 715 3304 venerant
734 3247 769 3299 ad
785 3243 963 3318 oppugnanda
980 3253 1081 3301 castra;

590 3331 674 3383 altera
685 3328 719 3380 ad
728 3327 833 3391 laevam,
845 3336 870 3376 et
879 3343 895 3376 a
902 3335 976 3394 tergo
984 3332 1084 3374 castro·

591 3430 649 3462 rum
658 3413 684 3460 in
698 3409 836 3459 interiores
848 3418 939 3456 terras.

628 3491 677 3556 240
689 3505 762 3557 seqq.
776 3487 802 3538 Si
815 3487 923 3535 fortuna
934 3480 1084 3552 permittitis

592 3571 630 3619 uti
642 3585 705 3632 noe,
720 3577 750 3616 ut
762 3567 789 3615 in
800 3563 851 3615 hac
861 3561 977 3612 hostium
984 3560 1087 3610 incuria

593 3659 618 3698 et
630 3644 766 3708 socordia,
780 3654 866 3694 castra
883 3639 950 3692 clam
964 3655 1088 3706 erumpa-

593 3743 650 3776 mus
662 3747 667 3774 :
682 3741 741 3774 mox
752 3721 860 3773 cernetis
870 3721 981 3770 AEneam
994 3714 1087 3788 quesi-

595 3802 707 3867 tum‚h.
728 3821 751 3853 e.
772 3803 920 3863 inventum,
941 3796 983 3846 liic
1001 3793 1089 3863 affore

593 3881 727 3934 reducem.
741 3882 775 3932 cf.
789 3882 851 3930 Var.
869 3879 939 3928 Lect.
957 3877 1088 3935 fortuna,

595 3963 750 4029 occasione,
766 3961 852 4031 inquit
870 3959 1048 4019 Burmannus,
1061 3960 1091 4000 ut
