2718 4594
356 276 591 343 AENEIDOS
613 277 768 342 LIBER
790 281 852 344 XI.

128 407 171 468 At
182 403 304 468 Triviae
316 418 426 467 custos
433 401 503 492 jam
515 399 642 465 dudum
654 401 688 464 iu
700 401 867 466 montibus
880 401 960 490 Opis

84 510 159 576 Alta
171 509 266 574 sedet
276 509 427 587 summis,
441 523 631 596 spectatque
643 508 791 572 interrita
802 530 938 595 pugnas.
975 557 978 564 ψ

85 616 200 705 thue
212 615 328 704 procul
340 613 451 679 medio
460 613 622 704 juvenum
634 614 668 677 in
680 613 823 678 elamore
833 613 1004 678 furentum

85 723 259 811 Prospexit
270 722 354 786 tristi
365 720 537 786 multatam
548 735 654 784 morte
666 718 851 800 Camillam3

86 827 335 916 Ingemuitque‚
349 825 507 916 deditque
520 826 578 892 has
590 827 657 890 imo
669 841 803 912 pectore
814 847 931 890 voces:
1084 836 1129 894 840

91 961 105 990 a
118 935 195 996 Heu
207 933 360 1012 nimium,
373 934 480 1020 virgo,
494 932 634 996 nimium
645 927 779 994 crudele
791 928 881 994 luisti

86 1038 469 1126 Supplicium,2Teucros
481 1055 597 1104 conata
608 1037 768 1102 lacessere
779 1035 883 1100 belloi

86 1145 158 1210 Nec
171 1145 230 1209 tibi
242 1144 380 1212 desertae
393 1145 427 1210 in
439 1144 548 1210 dumis
560 1144 700 1209 coluisse
712 1143 852 1226 Dianam

87 1251 231 1331 Profuit,
245 1268 301 1317 aut
313 1268 439 1317 nostras
451 1249 592 1316 humero
604 1251 741 1338 gessisse
753 1248 933 1336 pharetrae.

88 1358 165 1419 Non
177 1372 287 1422 tamen
299 1357 490 1424 indecorem
502 1375 557 1424 tua
568 1373 601 1422 te
614 1357 726 1444 regina
737 1355 872 1442 reliquit
1085 1364 1141 1422 ΙΙΙ

89 1462 244 1524 Extrema
251 1461 321 1551 jam
333 1463 367 1525 in
379 1479 500 1541 morte,
514 1484 623 1551 neque
635 1461 700 1526 hoc
713 1461 782 1524 sine
795 1459 930 1523 nomine
942 1458 1045 1522 letum

89 1568 155 1629 Per
166 1568 272 1654 gentis
285 1568 361 1646 erit;
374 1583 430 1634 aut
442 1568 563 1632 lamam
574 1566 707 1656 patieris
720 1565 842 1630 inultae.

90 1737 142 1770 tum
153 1725 273 1773 Pierianis.
286 1727 348 1774 conl.
364 1727 419 1782 XII,
432 1726 483 1772 551.
495 1751 528 1762 -
538 1725 591 1788 837.
605 1728 714 1771 interrita.
729 1725 780 1770 lloe
795 1721 910 1770 vocabulo
921 1721 1014 1784 atlJ'ecto
1031 1737 1068 1767 me
1087 1737 1135 1767 non

89 1810 232 1857 magnopere
245 1796 356 1844 delectari
367 1796 476 1844 lubenter
489 1797 571 1842 fateor.
582 1798 627 1841 Aut
639 1798 701 1842 enim
711 1795 827 1850 alienum,
839 1805 879 1839 aut
887 1794 986 1838 otiosum
996 1804 1037 1838 est.
1050 1793 1082 1837 Ut
1090 1792 1136 1839 sal·

91 1879 139 1912 tem
153 1867 250 1929 adjuves
266 1869 452 1933 quodammodo,
464 1867 591 1914 dicendum
610 1877 656 1922 est,
672 1867 770 1929 exprimi
788 1878 877 1911 tautum
895 1862 955 1918 boc,
970 1863 1034 1925 quod
1049 1875 1110 1920 tuta,
1123 1881 1135 1909 e

91 1949 144 1982 tuto
155 1935 208 1983 loco
214 1973 221 1994 ,
233 1955 334 2002 pugnam
342 1939 459 2001 prospicit
468 1939 537 2000 Opis;
550 1949 601 1993 aut,
611 1953 684 2000 quum
692 1936 748 1982 allas
757 1934 795 1981 vel
805 1934 855 1979 solo
865 1947 981 1980 armorum
992 1935 1102 1995 strepitu,
1114 1945 1137 1979 et

90 2024 177 2070 pugnae
191 2009 302 2071 adspectu
314 2012 396 2056 terreri
412 2008 502 2054 soleant
519 2007 636 2071 puellares
652 2008 731 2052 animi.
744 2030 776 2040 -
787 2003 840 2050 838.
854 2005 930 2066 Atque
948 2002 1013 2046 Leid.
1026 2006 1137 2065 juvenum

91 2079 165 2124 medio
174 2079 265 2144 Menag.
276 2099 312 2145 pr.
320 2087 427 2147 juvenem
437 2081 510 2142 bigot.
524 2092 547 2125 et
557 2077 626 2126 Goth.
636 2090 689 2124 tert.
704 2082 801 2122 'uvenem
811 2076 881 2121 medio
891 2077 914 2118 t'rt
922 2071 1018 2120 clamore
1020 2073 1137 2136 furentem

92 2148 155 2193 eud.
169 2152 193 2194 io
204 2152 273 2206 etiam
287 2155 352 2198 lunt.
365 2151 403 2200 ed.
416 2152 487 2197 abest.
500 2151 597 2196 Iuvenes
606 2161 660 2196 sunt
673 2145 754 2210 αιζηοὶ,
764 2145 897 2192 bellatores.
905 2141 995 2206 -839.
1007 2141 1138 2190 mulctatam

91 2221 185 2266 Pierius
204 2225 229 2268 in
244 2225 291 2270 suls
309 2228 446 2272 Invenerat:
459 2227 539 2288 sicque
556 2235 603 2269 tres
617 2223 696 2268 Heius.
713 2222 742 2266 At
759 2219 879 2266 Mediceus
893 2234 950 2264 eum-
962 2233 1002 2280 qu.
1017 2216 1100 2264 Moret.
1115 2229 1137 2262 et

92 2289 159 2336 Leid.
177 2291 310 2349 mumolum,
325 2295 473 2358 quodetiam
488 2311 516 2341 ex
527 2306 572 2341 vet.
588 2293 640 2339 cod.
655 2292 735 2338 laudat
749 2303 771 2337 et
783 2288 889 2336 defendit
900 2287 1013 2335 Guollius.
1030 2293 1139 2332 mutatam

92 2359 175 2406 Fratre.
193 2374 216 2408 et
232 2363 336 2410 Parrbas.
350 2366 401 2411 Jaru
413 2365 442 2411 de
455 2365 491 2410 his
503 2366 598 2410 vocibus
609 2365 662 2409 satis
672 2373 778 2408 accurate
790 2373 867 2406 actum
876 2360 959 2422 possita
969 2359 1044 2429 avitis
1056 2356 1138 2402 doctis.

91 2429 183 2476 Laudat
192 2432 270 2480 burm.
281 2437 390 2481 Arntzen.
404 2435 434 2482 ad
445 2435 523 2482 Aurel.
536 2437 597 2481 Vict.
611 2437 661 2480 Vir.
673 2433 710 2479 Ill.
721 2450 741 2479 c.
755 2430 923 2488 51,nrakenh.
940 2428 969 2474 ad
983 2429 1031 2474 Liv.
1043 2429 1086 2484 ΙΙΙ,
1098 2428 1136 2491 67.

93 2497 216 2546 mulcatum
226 2502 250 2548 h.
261 2501 277 2547 l.
287 2506 366 2552 Heins-
375 2505 498 2562 intnlerat;
506 2509 560 2569 jure
570 2523 612 2552 suo
620 2507 715 2552 retraxit
724 2507 801 2550 burm.
810 2501 926 2548 multatam
932 2536 940 2558 ,
951 2499 1016 2563 quod
1022 2501 1069 2562 jam
1082 2499 1138 2546 iude

93 2571 123 2616 ab
142 2571 212 2618 Aldd.
234 2573 362 2638 legebatur.
384 2579 433 2623 Nec
454 2579 515 2624 enirn
537 2578 604 2624 aliter
619 2579 705 2624 dicitur
720 2593 790 2640 quam
801 2593 806 2620 :
818 2574 912 2620 multari
928 2573 1039 2635 pecunia,
1056 2571 1139 2629 crille,

94 2653 184 2697 morte,
205 2655 232 2689 ut
248 2644 284 2691 vel
301 2647 386 2692 berica
401 2648 494 2694 docent.
510 2663 540 2692 m.
560 2651 583 2692 in
599 2657 669 2694 morte
685 2649 761 2710 Sprot.
771 2672 802 2681 —
812 2645 865 2700 840.
885 2645 979 2706 Inqemit
991 2649 1014 2684 et
1024 2641 1086 2684 dedit
1100 2640 1140 2688 Ias

93 2713 194 2759 Dorvill.
203 2741 234 2750 —
247 2713 299 2772 843.
316 2721 367 2765 Hoc
380 2719 419 2764 titi
431 2721 537 2766 Donatus
552 2719 634 2781 legisse
648 2709 768 2765 visns'Ge.
785 2717 898 2761 Fabricio.
935 2716 991 2757 uno
1006 2711 1140 2756 vratisl-

93 2783 148 2839 844.
156 2795 256 2848 qestosse
264 2788 355 2851 aliquot
364 2791 427 2836 Pier.
438 2803 461 2836 et
469 2791 609 2836 membranae
620 2788 734 2843 Brundi„
744 2789 786 2848 qui
796 2785 821 2831 id
832 2795 943 2846 reposuit.
951 2789 1043 2846 saqittas
1052 2786 1138 2834 Medic.

94 2871 149 2900 cum
162 2857 283 2905 nonnullis
294 2860 345 2908 aliis
359 2873 382 2907 et
393 2861 455 2908 binis
467 2860 537 2906 Goth.
553 2860 675 2906 aberravit.
684 2882 716 2892 -
726 2855 779 2911 stt.
796 2853 886 2918 reliquit
901 2854 980 2899 Heius.
997 2858 1098 2916 recepit,
1112 2874 1140 2902 er

71 2956 74 2966 η
94 2925 201 2971 Romano
214 2927 297 2985 Pierii,
308 2927 430 2985 Mudioeo,
442 2929 540 2991 aliisque
553 2929 607 2972 suls.
620 2929 658 2972 Sic
670 2943 698 2972 ex
712 2924 807 2970 decreto
818 2924 898 2967 Dianae
909 2936 946 2966 res
956 2924 1003 2982 jam
1015 2925 1140 2971 constituta

92 2996 202 3042 babetur.
215 2997 321 3064 reliquit
328 2999 418 3062 aliquot
426 3001 490 3045 ¹I’ier.
502 3011 525 3044 et
536 3003 582 3044 tres'
596 2999 675 3042 Heius.
688 2993 799 3057 relbtquet
807 2991 876 3054 vulgo
887 2990 988 3052 legitur:
1001 2995 1033 3037 sic
1044 3009 1140 3057 quoque

93 3081 141 3115 tres
152 3067 225 3116 Goth.
238 3087 292 3118 enm
306 3073 352 3117 Eri.
361 3097 395 3108 -
404 3071 457 3127 846.
466 3075 517 3134 jum
527 3071 592 3116 abest
606 3072 684 3130 Sprot·
695 3070 725 3112 u'o
740 3067 804 3112 abest
822 3067 927 3128 quinque
940 3063 1018 3108 lleins.
1035 3075 1058 3108 et
1074 3064 1141 3114 alteri

94 3140 167 3188 Goth.
184 3156 225 3187 nec
240 3141 271 3188 al.
288 3149 380 3190 numme
393 3141 480 3189 Medic.
493 3143 578 3198 Pleu-il,
591 3153 614 3188 et
625 3155 678 3203 pars
692 3141 772 3186 Heius.
781 3136 875 3198 -847,
887 3137 933 3180 Per
940 3143 1018 3199 pentes
1029 3143 1066 3180 eat
1077 3137 1139 3197 conj.

82 3251 85 3258 ‚
132 3265 358 3338 836.Exsequitur
367 3286 438 3320 nunc
450 3267 517 3338 Opis
526 3255 599 3336 quod
643 3264 762 3316 nondum
776 3259 1144 3332 Styqt'oraputdomnaverat

98 3343 255 3398 mandatum
271 3339 329 3398 erat
346 3366 361 3398 a
376 3349 463 3400 Diana
476 3365 557 3420 supra
573 3364 597 3396 v.
646 3345 720 3396 Orco.
737 3355 763 3393 et
779 3341 839 3406 842.
858 3337 1018 3410 supplicium
1036 3341 1142 3409 gravius

98 3426 149 3494 587
161 3442 217 3496 seq.
230 3436 311 3478 custos
319 3465 327 3492 ,
340 3427 431 3480 Dianae
442 3415 546 3491 eomes,
560 3426 600 3478 Ia·
644 3441 694 3496 pro
706 3440 787 3493 poena
799 3420 962 3472 temeritatis.
978 3448 1012 3458 -
1025 3418 1085 3485 843.
1098 3421 1143 3474 de·

97 3501 190 3569 mula,
202 3518 230 3555 ut
242 3503 288 3559 lib.
302 3507 340 3573 V,
353 3505 404 3572 546
414 3503 601 3578 Epitydescus·
645 3514 716 3556 sertae
725 3502 752 3553 t'n
760 3500 846 3554 dumis
853 3501 987 3551 venustius
998 3518 1030 3551 ex
1036 3504 1144 3570 poetica

99 3596 138 3636 tos
150 3585 352 3656 comesqueJuli.
362 3587 434 3651 VIII,
449 3604 499 3655 ²7⁰
510 3586 601 3638 domus
645 3586 762 3647 ratione,
776 3599 871 3652 quam,
882 3582 909 3632 in
920 3579 1005 3632 dumis
1017 3580 1144 3650 desertis,

98 3661 227 3716 Herculei
248 3675 329 3719 eustos
351 3665 464 3716 Pinaria
482 3665 549 3718 socri
568 3663 601 3715 tle
645 3665 674 3718 h.
686 3663 766 3716 silvis.
778 3671 876 3714 nostros
881 3674 928 3726 ‚ut
938 3679 1019 3732 supra
1028 3661 1078 3715 536
1086 3679 1145 3714 oos-

100 3741 250 3804 sacerdote.
270 3743 356 3799 Etiam
375 3743 494 3794 Macrob.
511 3744 565 3805 111,
585 3743 602 3794 6
646 3747 691 3796 tris
704 3741 880 3814 nequicquam
890 3741 1145 3813 cinqt'turarmr'se-

100 3825 231 3876 ministre.
246 3826 282 3878 Ut
294 3843 357 3878 vero
375 3823 535 3896 speculatrix
552 3825 601 3887 sit,
648 3825 707 3891 846.
719 3841 773 3872 non
787 3823 837 3872 erit
851 3819 904 3872 hoc
916 3818 997 3872 letum
1006 3819 1145 3889 ignobile,

99 3907 146 3956 vix
157 3905 198 3955 vir
208 3903 302 3958 doctus
314 3904 394 3958 fidem
403 3904 493 3956 faciet.
505 3899 604 3954 multa-
647 3923 697 3958 nee
706 3901 817 3956 habebis
826 3899 933 3970 famam
950 3897 1041 3952 inulte
1048 3936 1056 3962 ‚
1069 3900 1146 3969 igno-

102 3997 158 4037 tam
177 3998 282 4054 morte,
300 3983 462 4040 damnatam.
480 3984 532 4053 IV,
552 3982 604 4060 699
647 3984 773 4048 mimam,
788 3979 815 4034 h.
833 3998 887 4032 non
905 3980 1025 4034 moriens
1044 3976 1143 4037 inulta3
