2724 4600
219 309 278 391 134
463 302 1007 370 r2v1no1u11uinonrs

214 436 366 500 Protinus
378 433 470 497 hasta
483 431 579 518 fugit,
594 445 767 516 servatque
779 446 915 494 eruenta
927 444 1091 509 tenorem3
1214 445 1255 505 340

214 543 422 627 Dexteraque
435 557 474 601 ex
485 537 625 600 humero
638 535 748 598 nervis
759 534 957 600 moribunda
969 536 1138 624 pependit.

214 647 302 710 Tum
314 645 481 724 Numitor,
490 642 601 732 jaculo
615 641 722 704 fratris
735 639 928 727 decerpere
941 659 1049 730 rapte,

215 754 338 816 AEnean
351 749 459 837 petiit3
471 745 531 812 sed
544 769 611 810 non
624 763 658 810 et
670 745 770 834 ligere
782 761 895 812 eontra

214 860 273 924 Est
284 857 425 933 licitum,
438 854 619 941 magnique·
628 853 738 918 femur
750 852 938 940 perstrinxit
949 853 1090 920 Achatae.

216 964 280 1029 Hic
292 961 447 1039 Curibus,
462 959 568 1024 fidens
581 959 738 1048 primaevo
751 981 904 1046 corpore,
919 959 1055 1025 Clausus
1215 976 1255 1032 tte

217 1069 373 1147 Advenit,
387 1083 421 1131 et
432 1065 536 1153 rigide
548 1067 720 1154 Dryopem
730 1065 807 1128 ferit
817 1066 946 1130 eminus
958 1065 1065 1144 hasta,

216 1175 283 1240 Sub
296 1190 445 1238 mentum
458 1171 599 1259 graviter
610 1193 736 1259 pressa,
750 1171 938 1261 pariterque
950 1170 1116 1260 loquentis

247 1352 300 1409 34οζ
308 1352 373 1398 hosta
379 1350 439 1396 subit
445 1367 480 1412 pr.
488 1349 572 1394 Moret.
582 1359 605 1393 et
612 1349 709 1410 Spreta
717 1364 748 1393 m.
757 1365 792 1410 pr.
799 1383 806 1404 ,
813 1362 961 1410 precesserat
970 1349 994 1394 id
1001 1367 1023 1395 v.
1032 1349 1084 1396 338.
1093 1375 1124 1385 -
1132 1350 1185 1409 34ι.
1193 1355 1257 1399 Der-
1342 1369 1343 1406 1

217 1432 296 1487 euque
303 1438 345 1486 per
354 1421 456 1467 humeros
463 1435 509 1466 tec.
517 1417 627 1464 Rottend.
635 1417 766 1480 pudenda
773 1420 863 1480 Hagen.
871 1443 902 1454 -
909 1418 962 1475 343.
970 1420 1011 1464 sed
1016 1432 1061 1464 nort
1067 1419 1157 1483 rsfiqere
1163 1439 1184 1467 c.
1192 1423 1258 1468 multi

217 1493 285 1540 codd.
300 1505 322 1538 ot
335 1491 403 1546 edd,
422 1490 484 1546 alii,
502 1489 606 1552 affiqere‚
623 1488 716 1552 aflqere,
733 1489 841 1552 effluere,
853 1488 965 1554 efflinqere
981 1489 1044 1552 apud
1057 1490 1134 1536 Heim.
1147 1504 1172 1537 et
1182 1494 1259 1538 Burm.

215 1588 246 1599 -
254 1561 306 1618 344.
315 1563 445 1624 perstn'nyit
453 1560 500 1604 duo
510 1560 588 1603 Burm.
600 1557 678 1603 Heius.
689 1557 719 1603 ad
728 1559 797 1604 Ovid.
807 1559 864 1605 Met.
875 1559 928 1614 llll,
940 1559 984 1621 273
994 1562 1026 1605 ait
1035 1573 1083 1604 este
1089 1594 1096 1615 ,
1105 1557 1183 1606 leniter
1191 1564 1260 1606 atrin-
1343 1585 1344 1594 π

216 1635 257 1694 git.
274 1633 344 1694 Atqui
357 1630 402 1675 hoe
413 1643 462 1675 non
473 1629 575 1676 admittit
585 1644 638 1692 per„
646 1629 740 1674 Praeatat
751 1630 830 1675 dicere
842 1644 891 1675 erte
902 1646 946 1691 pro
956 1629 1073 1691 simplici,
1083 1631 1187 1692 stringit,
1198 1630 1258 1677 ferit.

215 1729 247 1740 -
258 1701 311 1758 345.
327 1703 350 1746 V
351 1701 420 1757 iribur
429 1701 463 1748 tic
470 1702 546 1763 fidens
555 1699 607 1746 atd.
618 1715 664 1746 tce.
676 1711 698 1746 et
711 1700 765 1746 edd.
777 1699 867 1764 aliquot
878 1713 931 1746 ante
943 1702 1052 1746 Pieriam.
1065 1703 1109 1746 Hic
1116 1701 1200 1747 uiribus
1210 1701 1259 1746 Ald.

216 1788 265 1836 pr,
280 1785 341 1820 utet
353 1772 422 1818 Goth.
435 1787 471 1834 pr.
484 1773 527 1816 Hic
537 1771 641 1816 curribus
650 1772 716 1816 Rom.
730 1771 837 1818 Curribus
847 1771 889 1816 hic.
905 1784 957 1817 tert.
971 1771 1066 1817 Curibus
1075 1773 1152 1833 fidens
1161 1773 1260 1820 malebat

216 1845 290 1890 Cerda
301 1847 408 1907 jungere.
419 1844 640 1906 Atfideosjnoettte‚
653 1842 745 1898 robore,
762 1859 807 1905 pro
817 1859 884 1901 utut,
896 1842 997 1898 habeam
1007 1845 1054 1905 jam
1067 1843 1121 1889 alibi
1133 1847 1259 1900 monitum,

217 1910 272 1961 ciani
283 1910 410 1963 πεποιθώς.
428 1915 533 1960 Tandem
544 1916 632 1960 Lausus
648 1915 734 1960 lectum
753 1927 806 1961 ante
824 1917 934 1960 Pierium.
954 1914 999 1961 Sed
1018 1914 1113 1960 Clausus
1130 1917 1260 1963 emendavit

216 1989 346 2050 Naugerius
361 1999 384 2034 et
400 1989 461 2033 Pier.
474 2005 496 2034 v.
510 1988 564 2044 Vll,
581 1987 631 2032 rod.
644 1987 745 2034 Videtur
756 2000 834 2034 autem
846 1985 985 2048 inclaudiae
993 1991 1068 2048 gentis
1079 1989 1175 2049 gratiam
1191 1987 1262 2033 Clau·
1345 2036 1346 2040 ,

218 2074 267 2104 aum
280 2059 343 2105 hune
355 2073 446 2106 ornare.
463 2061 552 2105 taurus
570 2059 656 2106 Medic.
676 2077 688 2106 a
705 2075 736 2104 m.
755 2076 791 2121 pr.
811 2059 888 2122 lapsus
902 2059 952 2106 dno
968 2061 1047 2106 Burin.
1058 2083 1090 2096 --
1100 2058 1152 2116 346.
1163 2059 1262 2106 Admlat
1345 2055 1346 2102 ἶ

217 2127 338 2190 Oblongus
347 2130 431 2190 Pierii,
444 2131 528 2175 Hamb.
541 2145 576 2192 pr.
587 2142 610 2176 et
621 2146 667 2176 sec.
681 2131 790 2178 llottend.
803 2147 857 2176 cum
868 2129 934 2175 [aeid.
948 2131 1068 2192 Dryopen,
1079 2128 1200 2190 legebatur
1205 2145 1212 2185 3
1223 2145 1261 2175 re·

217 2202 298 2260 scripsi
316 2201 431 2261 Dryopem
448 2215 475 2244 ex
487 2196 576 2262 Δρύοψ.
589 2201 709 2272 Dn'opem‚
725 2202 833 2264 Dyopem
852 2211 956 2246 erratum
971 2216 1009 2262 ap.
1027 2201 1152 2246 aarum
1163 2223 1196 2236 ·-
1207 2199 1259 2260 347.

216 2285 293 2332 presso
309 2269 412 2332 sphalma
432 2282 467 2316 eat
485 2271 522 2316 ed.
536 2273 615 2319 Burni.

216 2419 268 2488 git,
280 2428 414 2489 servatque
426 2429 557 2484 tenorem,
568 2439 617 2472 nee
629 2422 720 2472 remit·
761 2433 815 2474 tam
827 2435 882 2475 tarn
895 2423 947 2475 alte
959 2422 1065 2474 infixam
1077 2419 1152 2474 lianil'
1164 2437 1263 2492 magna·

217 2499 248 2548 tit
260 2499 403 2568 quicquam
417 2499 577 2570 dehtapeta,
594 2519 672 2574 quem
686 2519 717 2552 ex
762 2520 845 2572 opera
855 2521 869 2554 e
878 2519 991 2572 corpore
1002 2501 1098 2553 evellit.
1111 2501 1219 2563 Verum,
1233 2510 1260 2549 ut

214 2578 288 2646 jaetu
300 2578 376 2627 fortis
388 2577 573 2630 virihabebat.
586 2581 647 2631 Uno
658 2599 717 2630 ver·
761 2580 830 2646 diri,
848 2599 879 2633 ex
892 2599 1005 2652 corpore
1024 2581 1134 2631 Maeonis
1147 2580 1263 2648 jacentis·

216 2655 419 2723 bo‚braehium
436 2659 534 2710 Maeoni
548 2661 716 2730 suppositum
761 2661 865 2714 hastam
875 2661 973 2726 evellit,
986 2681 1098 2732 eamque
1112 2661 1139 2711 in
1152 2661 1259 2712 AEneam

218 2738 381 2809 transfigitur
392 2737 484 2806 hasta,
502 2753 528 2791 et
541 2753 644 2792 tantum
661 2760 716 2793 non
762 2743 842 2792 mittit
862 2741 994 2794 Numitor.
1011 2769 1044 2780 -
1064 2739 1123 2807 341.
1149 2741 1260 2791 Dextera

217 2817 385 2870 rescinditur.
402 2817 517 2890 Reliqua
538 2821 573 2872 ad
595 2835 720 2874 ornatum
762 2821 919 2872 moribunda
930 2843 938 2870 .-
951 2820 1106 2892 qualioesse
1119 2818 1187 2870 solet
1202 2837 1261 2870 mo·

217 2897 330 2967 adjecta.
341 2902 381 2950 lta
391 2903 550 2952 sententiam
564 2905 697 2954 constituo
708 2940 716 2968 ‚
763 2900 1002 2964 ribmdihominis,
1010 2899 1151 2970 languida:
1162 2898 1263 2969 pendet

217 2991 246 3029 ut
256 2979 314 3032 duae
323 2983 375 3031 sint
384 2981 466 3034 hastae
475 2983 508 3034 ab
516 2983 599 3036 AEnett
607 2985 717 3036 emisse.
763 2980 862 3045 mis,
873 3000 922 3051 per
931 2997 1041 3042 nervos,
1053 2978 1080 3030 lr,
1092 2997 1114 3030 o.
1128 2979 1260 3043 tendinee,

215 3061 340 3114 Namvix
356 3062 497 3134 probabile
516 3076 569 3128 est,
589 3065 640 3118 etsi
658 3083 720 3116 ver·
762 3059 907 3132 ligamenta
927 3073 953 3112 et
971 3058 1113 3112 musculos.
1133 3058 1174 3108 lta
1189 3061 1264 3110 enirn·

215 3138 312 3192 horum
323 3156 348 3194 et
361 3146 551 3196 sententiarum
562 3147 715 3213 jmrctttram
762 3153 848 3210 poetic
865 3141 917 3192 liae
934 3157 999 3190 rore
1017 3138 1179 3188 abutuntur:
1194 3155 1219 3186 v.
1237 3158 1260 3189 c.

217 3221 357 3271 estimanti
365 3224 391 3271 in
403 3225 521 3274 animum
531 3223 559 3275 id
569 3226 659 3274 venire
668 3242 718 3293 po·
761 3222 854 3271 Horat.
872 3221 884 3268 l
902 3217 988 3268 Carm.
1009 3215 1056 3276 28,
1080 3215 1118 3264 13.
1134 3212 1262 3268 Occurrit

216 3309 280 3359 test,
294 3311 401 3365 poetam
415 3299 618 3352 admirationem
628 3303 716 3352 faeere
762 3310 850 3350 tamen
865 3308 892 3348 et
903 3296 1013 3376 proprie
1026 3293 1135 3342 ditatum·
1149 3293 1189 3343 ltu
1200 3295 1262 3346 Ma·

216 3375 342 3439 voluisse,
349 3379 459 3428 etunius
467 3379 714 3448 hasttejactumtarn
762 3375 836 3426 orob.
852 3375 913 3436 Vll,
926 3373 1076 3442 pagneseit
1088 3383 1190 3440 septem
1201 3391 1261 3425 ner-

216 3452 335 3504 ralidnm
356 3466 382 3505 et
401 3455 536 3508 efficacem
549 3475 674 3520 narrare,
686 3468 717 3506 ut
761 3471 855 3505 vorum
868 3450 1096 3517 cafitmere-342.
1108 3450 1190 3502 Color
1201 3454 1262 3506 uhi-

216 3533 326 3582 Maeonis
335 3532 444 3584 thorace
453 3546 594 3602 etpectore
602 3535 713 3601 trajecto
760 3551 812 3602 qne
825 3533 997 3598 Homericus,
1009 3544 1039 3584 ut
1049 3545 1075 3584 et
1084 3535 1111 3584 in
1119 3533 1172 3584 hoc
1180 3552 1259 3586 versu

131 3605 136 3616 '
215 3625 318 3682 tergum
331 3612 599 3683 egressa,Alcaneris
614 3615 713 3678 fratris,
759 3613 824 3664 etin
837 3629 910 3682 sequ.
920 3609 1007 3683 fi'qere
1025 3623 1115 3664 eontra
1130 3614 1258 3680 πῖξαιᾰν·

217 3692 262 3760 qui
283 3693 310 3740 in
331 3692 450 3760 proximo
473 3702 544 3742 stans
564 3694 713 3743 corruentis
758 3691 836 3760 rimi,
849 3694 877 3744 in
890 3692 1099 3746 adversoAEneae
1111 3713 1234 3765 corpore.

214 3768 339 3820 humeros
348 3769 522 3836 sustentabat,
529 3769 648 3822 dextram
655 3791 714 3843 per·
794 3772 855 3839 345.
871 3771 992 3838 clamos,
1011 3776 1057 3844 qui
1067 3775 1168 3826 ¹Latinis
1181 3773 1257 3826 Sabi-

216 3849 363 3919 stringeret.
382 3850 456 3901 Esset
472 3869 536 3901 sane
549 3850 578 3903 id
588 3851 713 3924 prodigio
758 3872 808 3904 nos
817 3853 1033 3910 adduxeratvid.
1042 3855 1099 3919 Vll,
1111 3851 1259 3925 106.fidenr

215 3928 338 4000 propius3
350 3928 434 3980 multo
447 3932 530 4000 magis
543 3930 571 3981 id
584 3931 657 4002 quod
674 3951 716 3986 se·
757 3935 884 4005 primevo
894 3953 1015 4006 corpore,
1022 3935 1140 4004 juventa.
1150 3935 1254 3986 civar.

217 4007 319 4080 quitur,
332 4007 406 4082 quod
419 4011 543 4066 Numitor
558 4013 641 4066 irater
651 4013 715 4070 has-
759 4017 876 4069 Lect-
885 4015 944 4087 347.
957 4014 1029 4068 kasta
1036 4013 1257 4088 graviterprcssa,
