2724 4600
359 231 620 296 'AENEIDOS
644 233 798 298 LIBER
821 237 860 300 X.
1083 245 1141 330 167

100 351 239 436 Induat,
254 352 439 419 etcrudum
451 377 512 443 per
523 372 628 422 costas
642 355 747 444 exigat
757 379 891 422 ensem:

98 459 272 525 Fluctibus
284 483 326 524 an
335 461 434 550 jaciat
446 459 577 540 mediis,
592 477 624 526 et
636 460 732 538 litore
743 462 854 528 nendo

100 567 210 631 Curva
222 584 327 655 petat,
340 571 575 657 Teucrumque
589 569 708 632 iterum
720 591 755 634 se
767 569 884 635 reddat
895 572 929 636 in
941 596 1039 640 arma.
1079 643 1081 647 ,

98 671 169 734 Ter
181 689 318 738 conatus
331 689 504 762 utramque
517 675 622 738 viam:
636 691 686 738 ter
697 698 847 740 maxuma
859 679 947 742 Juno
1098 697 1143 744 685

99 778 289 859 Continuis,
297 781 522 870 juvenemque
535 783 636 845 animi
648 783 799 847 miserata
812 787 976 872 repressit.

98 883 239 948 Labitur
249 886 314 949 alta
325 908 439 952 secans
451 887 622 976 fluctuque
634 905 781 978 aestuque
794 891 956 973 secundo,

99 988 146 1058 Et
153 991 256 1077 patris
268 992 437 1080 antiquam
449 995 557 1057 Dauni
570 993 718 1058 defertur
729 994 909 1060 ad‘urbem.

143 1097 188 1159 At
197 1097 217 1159 J
220 1097 290 1160 ovis
302 1097 427 1163 interea
439 1099 571 1163 monitis
583 1100 766 1164 Mezentius
777 1098 896 1165 ardens
917 1185 919 1188 Ι

99 1200 254 1267 Succedit
265 1227 400 1292 pugnae,
414 1208 629 1296 Teucrosque
641 1206 767 1272 invadit
779 1210 915 1274 ovantis.
1098 1228 1142 1290 690

99 1397 141 1458 qui
160 1396 221 1442 adeo
237 1414 249 1442 a
266 1415 364 1461 corpore
384 1411 407 1445 et
424 1401 551 1448 visceribus
568 1403 655 1464 tegitur
673 1413 695 1447 et
711 1401 868 1450 absconditur.
878 1395 989 1464 φασγάνῳ
1001 1401 1143 1462 &moustiers

99 1465 195 1511 Pindar.
207 1467 266 1513 dixit
277 1471 343 1514 Nem.
354 1468 380 1526 8,
392 1469 430 1526 lo.
441 1495 473 1506 --
484 1471 537 1516 682.
551 1471 640 1517 Imbuat
651 1471 693 1516 Ed.
707 1487 743 1534 pr.
755 1473 834 1517 Burm.
846 1481 870 1516 et
881 1472 964 1516 durum
975 1473 1056 1528 Rom,
1074 1473 1142 1521 male.

100 1538 130 1583 cl.
143 1539 186 1585 inf.
199 1529 240 1584 lib.
252 1541 306 1592 llll,
319 1543 372 1603 507.
384 1541 436 1588 508.
448 1557 489 1604 per
497 1558 517 1587 c.
531 1544 613 1607 diripui
622 1542 711 1605 aliquot
723 1544 782 1587 Pier.
792 1567 823 1577 -
832 1542 884 1588 683.
892 1545 969 1604 jaceat
978 1559 1014 1604 pr.
1025 1544 1108 1590 Monet.
1121 1557 1144 1591 et

99 1608 141 1654 Ed.
159 1611 226 1655 Junt.
240 1614 313 1673 jactet
329 1614 395 1658 Rom.
408 1615 431 1656 in
445 1611 510 1658 litora
527 1615 595 1659 Goth.
611 1627 663 1660 tert.
676 1639 708 1650 -
719 1613 772 1669 684.
786 1613 875 1659 Comus
885 1613 971 1659 Medic.
985 1631 996 1658 a
1008 1631 1039 1660 m.
1052 1631 1088 1677 pr.
1100 1631 1144 1680 quc

100 1677 166 1725 deest
174 1680 264 1728 Zulicb.
276 1708 307 1717 —
318 1682 371 1728 686.
384 1683 496 1728 Conticuit
509 1683 578 1728 Goth.
595 1695 647 1730 tert.
659 1686 733 1728 animo
748 1681 819 1745 vulgo
836 1683 926 1730 editum
942 1683 997 1730 iudo
1014 1684 1043 1729 ab
1058 1684 1143 1741 Aldu,

99 1747 172 1810 idque
186 1762 266 1796 tuetur
274 1766 327 1813 pars
339 1752 408 1798 codd.
422 1754 492 1798 Pierii
504 1763 526 1798 et
540 1754 629 1798 Heiusii
639 1769 692 1798 cum
705 1751 773 1801 Gotb.
784 1764 836 1798 tert.
854 1755 890 1811 (at
902 1767 948 1798 sec.
960 1754 1053 1812 anime)
1069 1757 1144 1800 attineo

99 1823 206 1866 mrsmtu
224 1826 384 1886 uuusquisque
402 1823 470 1870 facile
484 1824 595 1885 iutelligit
612 1826 710 1885 :sicque
724 1839 776 1884 sup.
790 1822 903 1878 v1‚332,
921 1823 962 1868 ubi
975 1825 1044 1868 etism
1054 1824 1141 1870 Medic.

98 1893 169 1936 animi
176 1909 184 1937 :
193 1895 259 1955 quod
269 1909 293 1940 st
302 1894 339 1940 bic
348 1895 433 1942 Medic.
443 1907 466 1941 et
475 1897 541 1941 Rom.
553 1895 640 1940 babent
649 1893 748 1956 aliique;
757 1905 875 1954 receptum
885 1896 910 1940 in
917 1894 971 1940 edd.
982 1911 995 1939 a
1006 1895 1143 1942 Commelin.

99 1974 127 2004 ex
138 1959 225 2018 Palat,
235 1974 259 2008 et
269 1965 373 2026 agnoscit
384 1967 476 2014 Servius
488 1977 511 2010 et
522 1965 648 2010 Arusianus
657 1964 763 2010 Messius.
773 1964 803 2008 At
811 1966 881 2008 αηίιιιι·
888 1966 992 2008 miserato
1001 1977 1049 2008 non
1060 1963 1142 2008 eodem

98 2045 167 2076 seusu
180 2032 269 2080 dictum
283 2050 331 2080 esse
343 2047 426 2097 potest.
437 2037 508 2082 Casus
517 2035 633 2082 secundus
643 2035 715 2080 verbo
728 2037 830 2080 miserari
836 2045 859 2078 et
865 2032 979 2080 similibus
990 2033 1082 2078 additus
1092 2049 1143 2079 rem

100 2103 243 2149 miserationi
256 2106 370 2168 objectam
383 2107 494 2154 denotare
507 2106 578 2163 solet,
597 2117 624 2152 ut
639 2107 664 2150 in
685 2122 713 2152 eo
731 2107 783 2167 ipso
797 2104 850 2150 Silii
867 2104 932 2160 loco,
943 2105 973 2150 ad
982 2120 1053 2167 quem
1064 2105 1141 2149 Burro.

98 2186 220 2234 provocat.
230 2175 273 2222 lib.
289 2179 332 2233 xl,
344 2177 385 2224 381
398 2182 423 2224 oi
428 2195 501 2242 poenoe
506 2183 612 2243 juvenem
621 2178 716 2242 r't'tdiqtroe
726 2180 843 2222 miseratus
854 2176 882 2222 ab
896 2176 943 2222 olto
954 2178 1055 2240 Jupiter,·
1072 2187 1095 2220 et
1106 2178 1143 2222 sic

7 2271 10 2292 ,
99 2243 124 2286 in
135 2244 246 2292 omnibus
257 2247 380 2310 exemplis,
392 2264 444 2310 quae
455 2249 511 2295 vidi.
524 2250 566 2294 Hic
579 2265 634 2311 ergo
645 2263 693 2294 ease
706 2247 777 2294 debet
786 2249 892 2292 miserata
905 2248 1010 2292 Ttunum
1020 2249 1103 2302 animi,
1117 2258 1143 2292 ut

99 2311 187 2358 Graeeis
198 2310 283 2374 θυμοῦ
294 2331 326 2362 sc.
338 2313 416 2374 irruet,
427 2319 492 2380 quod
504 2320 609 2365 Turnum
622 2321 668 2374 ira,
681 2317 774 2374 dolore,
788 2317 891 2378 pudore,
907 2328 1028 2378 tantopere
1040 2331 1143 2364 cornino-

99 2395 147 2430 tum
159 2384 226 2432 videt
238 2402 266 2432 ex
278 2403 319 2443 eo,
328 2389 392 2450 quod
402 2405 415 2434 e
426 2405 508 2452 pugna·
516 2391 644 2436 subductus
655 2401 711 2436 erat.
719 2415 749 2424 -
756 2388 810 2450 687.
823 2386 1001 2452 asstufluctuque
1011 2387 1079 2434 Goth.
1092 2403 1142 2449 pr.,

98 2455 181 2502 eodem
193 2457 277 2505 ordine
289 2471 312 2506 et
323 2462 437 2521 geminata
448 2461 532 2524 copula
544 2463 586 2508 Ed.
596 2461 694 2508 Mediol.
703 2473 726 2506 et
734 2461 760 2506 P.
775 2463 834 2510 Dan.
846 2485 877 2496 -
885 2459 939 2506 688.
951 2463 1039 2523 ontn'pu'
1047 2460 1141 2520 Menaq.

99 2539 123 2572 et
136 2527 220 2574 llamb.
232 2543 278 2575 sec.
284 2563 294 2586 ,
305 2542 331 2576 ut
339 2533 369 2577 sit
379 2533 456 2594 stirpis
467 2545 561 2588 auctor;
570 2533 612 2580 sed
622 2548 674 2594 sup.
685 2531 730 2576 6ι6
740 2533 822 2578 Dauno
830 2556 861 2566 -
869 2533 963 2593 parenti.
973 2530 1005 2576 ad
1013 2530 1096 2574 undam
1104 2545 1141 2591 pr.

98 2596 181 2642 flamb·
192 2623 226 2634 -
236 2597 290 2660 689.
308 2604 392 2647 otottitu
410 2601 515 2648 Pambos.
524 2627 555 2638 -
566 2603 620 2664 690.
636 2603 747 2651 Successit
761 2601 831 2648 Goth.
852 2617 899 2648 sec.
918 2603 999 2658 s'poast't
1014 2600 1106 2660 Meuag.
1120 2610 1143 2644 et

97 2667 179 2714 llamb.
189 2671 288 2730 priores.

7 2857 9 2862 ,
98 2825 159 2876 Var.
181 2826 254 2878 leet.
274 2855 309 2867 -
327 2829 388 2882 683.
409 2831 551 2904 fluetibus,
570 2835 596 2885 in
680 2827 1036 2900 689-754.Turn0exacie
1044 2824 1139 2876 educto

99 2905 201 2966 medios
211 2905 237 2956 fl.
251 2925 285 2958 an
293 2909 322 2957 in
333 2909 463 2977 medium,
473 2911 499 2961 b.
516 2912 598 2963 altum
644 2911 803 2981 relinquitur
813 2909 972 2970 Mezentius,
985 2901 1059 2972 cujus
1069 2907 1142 2956 facta

98 3003 171 3037 mare
184 3003 212 3036 se
224 2987 315 3055 jaciet.
327 3017 363 3028 -
374 2989 434 3042 686.
450 2989 536 3042 animi
547 2991 599 3040 mi·
646 3001 754 3040 strenua
764 2999 929 3038 enarrantur.
940 2983 1012 3034 Jovis
1021 2982 1141 3048 monitis,

99 3075 181 3116 serata
193 3066 266 3118 Serv.
280 3084 348 3136 pro:
363 3070 451 3118 animo
463 3087 514 3133 un,
529 3071 598 3120 sicut
641 3067 774 3136 impulsu3
786 3065 857 3115 conf.
869 3082 927 3132 sup.
941 3063 990 3124 lX,
1004 3060 1067 3126 184,
1083 3059 1140 3112 185.

100 3144 161 3209 Xll,
177 3159 208 3212 19
222 3144 246 3196 0
254 3155 379 3214 possiunt
390 3147 476 3198 animi
484 3147 595 3216 juvenis.
641 3145 717 3196 Adde
730 3143 863 3208 Servium,
881 3142 927 3211 qui
938 3138 1022 3190 multa
1035 3151 1142 3210 arguta·

99 3223 182 3273 lmmo
192 3241 256 3274 vero
266 3236 306 3276 est
317 3246 322 3274 :
333 3227 459 3276 miserate
471 3227 597 3293 animum,
641 3240 686 3277 tur
697 3243 778 3296 super
789 3226 846 3274 viro
859 3223 941 3293 impio
953 3219 1030 3288 (Vll,
1046 3220 1114 3292 647)
1126 3240 1141 3271 a

101 3302 222 3354 dolorem
232 3306 325 3366 animi;
339 3324 401 3357 nam
413 3305 480 3357 ordo
493 3319 547 3358 est:
557 3309 599 3376 ju·
643 3307 710 3356 Jove
719 3305 829 3355 monito.
842 3303 923 3372 Atqui
933 3313 1032 3372 poetes,
1045 3301 1068 3351 si
1079 3300 1143 3352 deo·

101 3389 192 3433 venem
213 3384 345 3456 repressit,
365 3385 485 3438 miserata
505 3384 599 3456 (enm)
644 3404 703 3436 rum
719 3384 871 3435 ministeriis
883 3395 993 3433 utuntur
1009 3379 1043 3432 ad
1060 3399 1142 3451 expe·

7 3465 9 3488 ³
101 3460 451 3531 animi.-687.aestu;an
463 3462 599 3515 h.l.ven-
645 3463 757 3516 diendas
774 3479 830 3528 res,
846 3479 900 3511 non
917 3479 1021 3531 semper
1037 3479 1142 3510 morum

100 3541 145 3588 toi
156 3555 206 3590 usu
219 3554 306 3591 tamen
318 3543 490 3612 grammatico
496 3541 600 3616 fluctus
644 3555 670 3595 et
681 3544 829 3594 animorum
840 3539 1001 3611 probitatem
1010 3551 1140 3608 spectant.

101 3631 141 3669 est
155 3637 189 3670 ex
205 3632 299 3682 vento;
312 3631 404 3686 estus,
418 3633 504 3672 motus
517 3622 596 3672 meris
643 3622 728 3674 Multo
741 3623 827 3671 minus
839 3619 868 3669 id
880 3619 1043 3688 antiquiores
1055 3628 1141 3689 poetae

102 3715 132 3748 ex
143 3710 240 3750 natura
252 3717 307 3751 sua.
323 3701 381 3751 Erit
399 3719 461 3772 ergo
475 3710 549 3751 oestus
559 3717 598 3752 te·
642 3712 784 3764 curarunt,
798 3701 844 3771 qui
856 3697 940 3750 multa
953 3699 1034 3770 impia
1047 3709 1073 3749 et
1085 3717 1141 3750 sce·

102 3778 202 3829 condus
211 3777 236 3828 b.
246 3777 264 3830 l.
279 3781 325 3850 qui
337 3781 430 3831 nonin
440 3779 522 3830 altum
531 3779 599 3830 abri-
642 3781 723 3845 lesta,
734 3777 914 3830 intercedente
925 3776 1036 3828 deorum
1046 3795 1139 3848 opera,

102 3856 206 3926 pichot,
223 3858 271 3910 sed
286 3859 359 3910 litori
378 3858 537 3910 admovebat
552 3873 599 3910 na·
642 3863 714 3912 lecte
723 3870 849 3911 narrant:
865 3876 947 3929 quum
962 3854 989 3906 id
1001 3856 1087 3922 solum
1099 3875 1141 3908 re·

104 3953 169 3990 vem.
181 3967 217 3980 -
229 3938 289 3993 688.
306 3941 411 4004 urbem,
424 3935 548 3991 Ardeam.
643 3951 783 4013 putarent,
799 3950 850 3992 «ut
859 3939 898 3991 rei
909 3938 980 3990 mirae
993 3948 1019 3988 et
1028 3934 1139 3986 insolite
