2690 4596
231 289 295 372 111
559 287 773 350 nerunt
796 287 946 353 veen

230 417 398 481 Donatum
411 413 515 504 capit3
527 429 561 478 at
573 413 694 503 conjux
707 413 841 479 Lavinia
854 433 977 496 vestes,

231 524 339 611 Atque
353 521 475 586 monile
487 520 628 586 decens:
643 517 774 608 placido
787 518 908 586 dehinc
920 537 1058 610 pectore
1071 546 1149 591 sese

232 628 444 706 Demulcent,
458 627 622 715 variisque
635 625 770 690 trahunt
782 627 991 693 sermonibus
1005 630 1119 697 horas.

275 737 316 798 Et
324 734 392 824 jam
404 734 497 800 tarda
509 734 622 821 epulas
634 733 791 820 fugientis
804 749 954 822 tempora
966 734 1050 802 lucis

233 841 415 907 Poscebant
427 864 434 904 :
447 863 524 904 mox
536 839 637 928 regali
648 839 799 903 convivia
810 839 890 904 luxu

234 946 436 1028 Effundunt,
449 947 600 1036 latosque
612 946 676 1010 alta
689 946 774 1009 intra
786 962 872 1010 tecta
883 963 1027 1035 paratus.

234 1058 428 1121 Convenere
440 1076 570 1132 omnes,
583 1069 684 1117 strato
697 1051 906 1119 discumbere
919 1055 953 1117 in
966 1073 1059 1121 ostro

232 1163 367 1228 Deliciis
375 1161 472 1250 jussi,
487 1175 519 1224 et
532 1158 672 1246 dapibus
684 1181 719 1222 se
733 1159 855 1224 inferre
868 1161 999 1226 futuris⁶
1328 1228 1329 1259 ,

233 1267 298 1334 Dat
312 1267 461 1332 manibus
473 1265 643 1356 crystallus
654 1287 771 1354 aquas,
784 1267 975 1354 mensisque
988 1285 1163 1355 reponunt
1246 1281 1287 1344 495

234 1375 424 1440 Flaventem
437 1375 694 1436 Cererem:tu1n
707 1371 781 1436 laeta
792 1372 902 1435 fronte
914 1372 1057 1436 ministri
1328 1385 1329 1390 ’

236 1478 405 1544 Innumeri
417 1500 537 1564 magno
550 1475 757 1564 distinguunt
769 1475 885 1540 ordine
897 1499 1004 1541 curas.

235 1594 311 1655 Pars
324 1584 463 1673 dapibus
476 1581 581 1646 reficit
593 1604 736 1662 1111111111,
750 1605 824 1670 pars
837 1583 957 1669 pocula
970 1584 1103 1664 miscet,

237 1763 352 1829 monile,
364 1771 493 1834 sceptrum
508 1771 532 1812 et
545 1760 668 1811 coronam
682 1741 796 1810 11111111.-
808 1758 905 1811 deinde
917 1761 944 1811 in
959 1759 1029 1812 libro
1042 1763 1095 1826 ΙΙΙ,
1108 1780 1134 1812 v.
1152 1762 1205 1828 482
1217 1783 1223 1811 :
1236 1761 1288 1812 An.
1329 1752 1330 1823 4

235 1842 374 1900 dromaclie
382 1841 439 1912 fert
453 1851 529 1892 uestes
540 1839 699 1911 picturatas,
711 1837 854 1911 Plirypiam
869 1837 1057 1910 chlamydem,
1076 1852 1129 1891 etc.
1147 1843 1180 1891 ln
1198 1843 1287 1910 quinto
1329 1871 1330 1894 ;

237 1923 340 1979 AEneid.
356 1921 407 1973 536
421 1942 427 1970 :
444 1922 548 1972 Cretera
563 1918 707 1988 impressum
719 1917 816 1988 siquis,
829 1936 907 1989 quem
918 1919 1025 1969 dederat
1039 1918 1167 1970 Anchisae
1187 1920 1287 1972 Cisseus.
1329 1907 1330 1958 l

236 2007 358 2074 Denique
371 2003 399 2053 in
410 2017 482 2052 nono
496 1998 597 2050 AEneid.
613 1999 680 2064 164,
693 2015 751 2068 sqq.
764 2019 770 2048 :
785 1998 854 2048 Bina
861 1999 975 2070 pocula,
988 2000 1106 2070 tripodes
1118 2001 1258 2073 pensione,
1267 2008 1289 2048 et

237 2096 337 2140 cratero
353 2081 502 2153 antiquum.
517 2109 552 2118 -
569 2078 628 2146 489.
647 2077 723 2128 variis
741 2075 863 2143 trabunt,
879 2090 929 2129 etc.
949 2077 992 2130 Sic
1013 2081 1042 2130 in
1061 2078 1170 2131 AEneid.
1186 2081 1212 2139 l,
1228 2077 1287 2147 752,

237 2166 310 2219 vario
321 2173 422 2214 noctem
432 2176 549 2210 serrnoue
564 2157 646 2207 11111ιί1
659 2157 737 2210 Dido.

274 2244 334 2313 490.
345 2243 380 2293 Et
387 2243 445 2311 jam
458 2238 532 2288 tarde
545 2235 650 2308 epulas,
662 2249 712 2288 etc.
723 2237 806 2288 Totus
818 2237 863 2288 bic
878 2250 1025 2309 apparatus
1038 2241 1161 2290 convivii
1174 2251 1288 2310 sumptus
1330 2275 1331 2308 ,

238 2337 278 2378 est
287 2341 318 2374 ex
327 2321 413 2391 primo
423 2315 525 2368 AEneid.
539 2317 586 2367 nbi
598 2315 758 2367 describitur
767 2318 918 2369 convivium
928 2317 1056 2384 Didonis,
1068 2338 1093 2369 v.
1106 2320 1173 2388 641,
1184 2332 1211 2371 et
1220 2336 1284 2388 sqq-t
1330 2359 1331 2400 ,

343 2429 379 2479 At
391 2426 485 2478 domus
497 2427 608 2476 interior
620 2425 702 2496 regali
714 2426 854 2496 splendida
865 2427 929 2478 luxu

344 2509 503 2572 Instruitur,
517 2503 664 2575 mediisque
677 2519 773 2576 parant
786 2509 908 2560 convivia
920 2508 1005 2558 tectis.

343 2592 408 2642 Arte
420 2587 548 2639 laboratae
560 2600 661 2650 vestes,
674 2601 802 2658 ostroque
814 2590 931 2660 superbo

345 2672 441 2742 Ingens
455 2680 592 2740 argentum
606 2671 719 2734 mensis,
735 2670 881 2741 caelataque
892 2675 921 2721 in
934 2689 1000 2722 auro
1330 2671 1331 2764 4

345 2751 437 2804 Fortia
448 2749 521 2802 facta
532 2761 655 2819 patrum,
668 2751 749 2801 series
761 2749 916 2822 longissima
929 2768 1025 2802 rerum.

240 2872 298 2926 Illic
311 2868 424 2922 convivii
434 2864 630 2936 magnificentia
642 2867 789 2917 carminum
800 2865 942 2936 splendore
956 2877 1104 2936 superatur
1113 2888 1120 2917 1
1129 2865 1204 2920 hanc
1217 2879 1289 2917 totam

241 2951 448 3021 descriptionem
468 2945 621 3016 subreptam
638 2945 774 3016 Maphaeus
794 2948 871 3016 quasi
887 2945 993 3017 polluit.
1010 2977 1046 2986 -
1063 2947 1130 3016 493.
1153 2949 1290 3001 Convertere

241 3050 335 3086 omnes.
348 3032 389 3080 111
400 3029 428 3078 in
440 3025 543 3077 AEneid.
556 3025 603 3078 lib.
616 3027 640 3090 l,
654 3026 744 3095 7ο4....
754 3043 812 3094 711.

349 3133 534 3195 Conveniunt,
547 3142 683 3200 stratoque
695 3149 775 3203 super
788 3131 963 3183 discumbitur
977 3143 1052 3184 ostro
1063 3155 1069 3182 1

347 3213 418 3263 Dant
430 3209 552 3260 manibus
563 3210 657 3261 famuli
669 3209 805 3282 lymphas,
819 3209 996 3281 Cereremque
1010 3214 1141 3266 canistris

348 3289 512 3361 Expedirrut,
526 3289 661 3360 tonsisque
674 3292 765 3342 ferunt
775 3292 895 3344 mantilia
907 3292 985 3344 villis.

349 3371 547 3442 Quinquaginta
560 3373 631 3422 intus
643 3372 763 3436 famulas,
776 3371 873 3442 quibus
886 3371 981 3424 ordine
993 3372 1077 3445 longo

311 3482 321 3491 ·-
347 3451 418 3502 Cura
430 3468 528 3520 penum
539 3462 653 3515 struere,
667 3463 693 3502 et
703 3451 814 3502 flammis
827 3450 935 3504 adolere
946 3465 1076 3521 penates;

349 3529 460 3580 Centum
474 3528 545 3592 aliae,
558 3529 722 3599 totidemque
734 3548 812 3601 pares
825 3543 901 3582 aetate
913 3532 1043 3593 ministri,

349 3609 402 3674 Qui
415 3608 529 3679 dapibus
542 3628 646 3661 mensas
659 3622 782 3674 onerent,
794 3623 821 3662 et
832 3610 931 3680 pocula
942 3624 1057 3682 ponant.

348 3683 405 3736 Nec
417 3705 471 3738 nou
485 3701 510 3739 et
521 3690 593 3760 Tyrii
604 3708 653 3760 per
662 3690 753 3742 limina
765 3689 825 3742 laeta
837 3693 990 3760 frequentes

349 3763 516 3834 Convenere,
529 3771 593 3821 toris
603 3772 670 3838 jussi
682 3769 848 3824 discumbere
861 3773 950 3843 pictis.

240 3879 348 3949 ¹Ubique
367 3878 484 3932 imitator
500 3883 568 3936 adeo
586 3886 685 3956 friget,
704 3899 734 3937 ut
753 3905 892 3958 nunquam
910 3887 1018 3958 longius
1036 3905 1053 3939 1
1071 3888 1193 3944 Marone
1210 3891 1287 3952 absit,

243 3977 323 4030 quam
342 3976 424 4027 quum
443 3972 556 4033 uterque
578 3964 673 4017 eadem
690 3978 787 4020 tractet
805 3980 833 4020 et
850 3967 984 4021 describat
1001 3982 1180 4045 argumenta..
