2724 4600
254 325 313 392 162
497 324 531 387 P.
555 321 786 386 VIRGILII
808 323 1040 390 MARONIS
1108 365 1110 370 .

249 450 369 514 Oratur
376 448 506 537 juveni,
519 467 640 537 meque
652 446 717 512 hoc
729 447 773 512 ita
784 470 910 535 ponere
922 451 1039 530 sentis,

248 555 344 619 Tolle
357 555 432 642 fuga
444 557 610 634 Turnum,
623 571 722 644 atque
737 555 932 620 instantibus
945 558 1036 645 eripe
1048 557 1133 622 fatis.

248 660 415 724 Hactenus
430 658 604 726 indulsisse
616 677 723 739 vacat3
735 661 786 726 sin
797 660 894 726 altior
905 662 973 727 istis

247 763 313 829 Sub
326 764 478 851 precibus
490 766 586 830 venia
598 764 664 830 ulla
675 765 767 845 latet,
782 782 955 856 totumque
966 770 1093 832 moveri
1157 815 1160 822 -

246 871 409 934 Mutarive
421 887 516 958 putas
527 869 667 950 bellum,
682 894 757 960 spes
769 872 874 960 pascis
887 873 1002 938 inanis.
1015 903 1028 932 o

246 976 288 1040 Et
298 976 317 1038 J
320 999 387 1040 nno
399 975 622 1064 adlacrymaus
635 1000 641 1039 :
660 1006 673 1035 a
686 975 819 1065 quidsi,
834 978 926 1066 quod
938 989 1019 1045 vo'ce
1032 984 1190 1069 gravatis,

245 1082 358 1145 Mente
371 1080 480 1161 dares;
493 1098 593 1170 atque
604 1081 674 1148 haec'
686 1084 801 1148 Turno
814 1101 882 1148 rata
893 1085 960 1149 vita
971 1092 1132 1153 maneret!

244 1185 273 1247 N
276 1208 340 1249 unc
353 1201 463 1249 manet
475 1185 639 1250 insontem
653 1191 759 1274 gravis
772 1189 891 1268 exitum
904 1207 960 1254 aut
972 1213 1033 1278 ego
1046 1194 1116 1256 veri
1240 1207 1285 1266 630

245 1291 335 1354 Vana
349 1290 456 1353 feror:
471 1288 560 1378 quod
574 1308 610 1355 ut
623 1315 643 1354 o
655 1293 765 1380 potius
779 1293 955 1358 formidine
968 1296 1047 1360 falsa

246 1393 369 1473 Ludar,
384 1410 416 1457 et
429 1395 462 1456 in
475 1395 591 1459 melius
604 1412 674 1477 tua,
689 1398 746 1487 qui
758 1413 870 1487 potes,
884 1423 956 1466 orsa
968 1401 1130 1470 reflectas!
1143 1434 1157 1462 a

275 1571 328 1618 623.
345 1569 390 1618 haec
402 1573 433 1616 ita
444 1570 510 1617 Leid.
523 1588 563 1634 qu.
576 1573 659 1620 Monet.
670 1573 711 1618 Ed.
724 1575 783 1620 Veu.
795 1591 877 1637 ponere
889 1579 911 1622 εἰ
920 1580 953 1623 vas
964 1578 1062 1625 Dorvill.
1074 1597 1086 1626 a
1098 1596 1129 1624 m.
1138 1596 1188 1642 (sea.
1196 1583 1284 1645 -tiap

244 1639 367 1688 Multarr've
376 1640 484 1686 Medica
498 1657 527 1686 m.
541 1658 575 1704 pr.
587 1650 652 1704 putas
664 1642 760 1689 Oudart.
772 1648 846 1706 porcis
858 1645 929 1692 idam.
945 1673 976 1681 -
990 1648 1042 1694 628.
1057 1650 1088 1694 Et
1100 1651 1122 1694 Ι.
1137 1645 1285 1698 Macrinam

244 1726 258 1755 e
271 1703 356 1756 Medic.
371 1721 394 1756 et
405 1708 456 1756 aliis
466 1712 580 1757 Heinsius.
591 1712 649 1760 Edd.
664 1712 760 1759 Medici.
777 1727 799 1759 ct
815 1715 867 1760 ald,
884 1733 919 1778 pr.
939 1717 998 1775 Quoi
1008 1721 1031 1764 J.
1047 1718 1199 1767 allacrimans.
1211 1724 1285 1786 Vulgo

243 1778 321 1826 iudea
335 1779 448 1840 Naugerio
460 1796 465 1825 :
478 1781 550 1826 CuiJ.
568 1779 711 1831 illacrimans·
727 1785 755 1828 At
768 1787 884 1846 praecessit
898 1787 941 1832 cni
953 1803 974 1834 v.
989 1787 1041 1832 621.
1054 1791 1119 1836 Rom.
1134 1791 1177 1836 Cui
1186 1793 1209 1836 J.
1221 1791 1286 1838 ἰωνί-

243 1863 314 1894 mans.
329 1849 381 1896 Duo
395 1850 478 1896 Moret.
498 1863 521 1896 et
539 1867 574 1912 pr.
591 1852 673 1896 Hamb.
691 1853 734 1898 Cui
745 1856 767 1899 J.
779 1853 937 1902 uulnerum.
958 1857 1024 1916 Quod
1042 1862 1063 1904 si
1082 1859 1143 1906 Gnd.
1165 1873 1189 1906 et
1211 1863 1284 1924 Sprot.

243 1919 274 1964 ita
290 1927 357 1984 atque
369 1933 428 1966 esset
440 1921 528 1968 dictum
546 1938 589 1984 pro
603 1925 693 1986 utique.
712 1927 744 1971 sic
760 1941 828 1984 sane,
847 1915 905 1974 idi.
924 1943 977 1990 quoe
990 1944 1042 1974 uoce
1058 1946 1092 1992 qr.
1107 1932 1174 1976 Rom.
1194 1945 1218 1977 et
1235 1948 1286 1994 pars

243 1987 311 2036 codd.
327 1989 400 2046 Pien,
420 1990 498 2036 Heius.
516 2005 539 2037 et
556 1996 632 2038 Burm.
646 2010 698 2040 curn
711 1995 779 2042 Goth.
791 2013 827 2058 pr.
841 2021 873 2032 —-
886 1997 939 2058 629.
957 1997 1010 2044 data
1023 2001 1069 2044 vita
1079 2001 1158 2056 Rom,
1175 2016 1224 2047 uon
1233 2009 1285 2049 Ser-

241 2059 305 2113 vius,
315 2075 385 2122 quem
396 2061 473 2106 Heius.
488 2065 599 2109 nominat.
612 2089 643 2099 -
654 2065 707 2112 630.
720 2065 782 2112 haud
792 2085 830 2131 eqo
843 2067 939 2112 Oudart.
961 2079 984 2112 et
1000 2069 1054 2114 Exc.
1072 2072 1164 2125 Bam,
1181 2071 1248 2133 qtsod
1264 2081 1287 2118 et

241 2131 318 2191 ipsum
330 2129 425 2176 defendi
434 2147 519 2194 posset.
533 2161 563 2170 -
575 2135 628 2180 631.
633 2136 701 2198 ferar
713 2139 809 2185 Dorvill⁴
830 2139 896 2197 Quod
911 2142 945 2184 uti
953 2156 976 2203 p.
993 2139 1054 2186 Gud.
1067 2141 1127 2198 Quid
1136 2145 1183 2187 uto
1195 2143 1237 2188 Ed.
1249 2160 1284 2204 pr.

242 2201 319 2244 Burin.
333 2199 423 2258 Quoto,
436 2215 471 2258 et,
489 2204 549 2262 Quin
559 2215 584 2251 ut
593 2223 618 2262 o,
632 2220 688 2254 vett.
703 2209 756 2256 edd.
768 2212 798 2256 cf.
812 2213 872 2258 Pier.
890 2211 949 2269 Quin
961 2220 987 2257 ut
997 2211 1066 2258 Goth.
1077 2229 1113 2274 pr.
1125 2212 1185 2260 ultro
1194 2231 1219 2277 p.
1232 2228 1284 2261 tert.

245 2269 311 2328 Quod
320 2279 345 2314 ut
353 2281 405 2333 opto
418 2278 460 2319 tuas
472 2277 519 2321 Erf.

243 2409 290 2475 481
305 2407 372 2461 bello
380 2413 474 2466 caduci
479 2419 739 2487 ‚cadentes-623.
785 2425 1024 2493 promitteramihi
1043 2428 1175 2497 gravaris,
1195 2430 1285 2480 animo

243 2505 336 2559 meque
349 2488 397 2542 hoc
409 2495 444 2543 ita
454 2513 552 2564 ponere
562 2498 653 2548 sentis:
666 2499 742 2568 sique
786 2503 881 2554 saitem
892 2506 1068 2564 etvoiuntate
1081 2525 1226 2572 annueres,
1239 2511 1288 2560 sci-
1360 2543 1361 2548 =

242 2567 281 2618 ita
301 2565 353 2620 hoc
374 2571 474 2623 factum
496 2576 692 2646 interpretaris,
714 2579 742 2628 in
786 2582 864 2647 iicet,
877 2597 906 2634 ut
918 2585 1008 2636 Turno
1027 2587 1082 2636 vita
1098 2599 1166 2638 esset
1182 2589 1287 2639 incolu-

243 2643 316 2698 hunc
335 2665 441 2702 sensum
461 2654 574 2720 accipis,
592 2666 620 2702 ut
639 2655 666 2703 in
683 2672 742 2706 eum
788 2662 852 2712 mis!
874 2663 945 2731 Quid
963 2664 985 2715 si
1002 2663 1071 2715 valet
1089 2664 1174 2729 idem,
1196 2668 1288 2736 quod,

244 2726 353 2778 modum
375 2747 391 2780 a
411 2748 452 2779 me
474 2732 651 2781 constituatur
672 2751 743 2786 nunc
788 2760 836 2792 cur
854 2745 925 2794 non?
942 2743 1007 2812 quid
1027 2745 1071 2794 nii
1086 2744 1112 2795 si
1125 2739 1174 2806 uin
1195 2746 1215 2796 ri
1230 2745 1287 2808 noi,

242 2802 309 2856 hoc:
324 2806 380 2858 scil.
398 2819 426 2857 ut
437 2807 521 2858 Turni
537 2808 591 2858 fata
609 2808 741 2862 differati—
789 2819 853 2889 quid
867 2821 931 2872 mali
947 2821 1008 2873 inde
1021 2823 1138 2874 futurum
1151 2838 1235 2886 esset,
1249 2829 1287 2888 si;

243 2895 302 2950 tur,
314 2905 370 2936 non
380 2898 409 2936 ut
421 2897 565 2936 mutentur.
575 2904 672 2956 ponere
681 2889 745 2944 doc·
788 2898 844 2963 vel,
859 2913 1001 2969 quantum,
1016 2919 1095 2971 qnam
1112 2921 1240 2972 maguum
1259 2905 1288 2956 id

242 2962 384 3027 tumiditas
392 2981 441 3034 pro
450 2959 599 3024 dinamius,
608 2965 741 3036 ordinare,
787 2978 871 3044 foret,
884 2981 951 3030 si-
964 2979 1086 3048 reditque
1099 2980 1167 3032 aden
1180 2997 1289 3036 senten-

243 3044 412 3093 constituere.
423 3071 457 3078 -
465 3040 525 3092 625.
542 3053 618 3094 vacat
629 3048 742 3117 exquisi·
786 3056 864 3108 tiaad
876 3060 1037 3128 optativam:
1049 3077 1064 3107 o
1074 3060 1109 3108 sil
1117 3064 1240 3129 pravaris
1249 3083 1287 3115 sc.

242 3123 294 3173 tius
316 3139 396 3190 quam
418 3118 502 3170 licet:
527 3121 594 3174 nihil
615 3125 742 3178 ὤπτα.-
786 3134 857 3186 dare.
870 3135 1290 3214 rataeieganter,adeoqueper-

241 3197 301 3249 626.
317 3199 392 3248 venia
399 3235 408 3261 ,
419 3202 555 3252 concessio
567 3223 573 3253 ε
587 3205 661 3274 quod
673 3226 740 3260 con·
784 3226 898 3282 petuaot
908 3213 1173 3282 integra‚incolu'm'is.
1186 3221 1252 3274 Mox
1260 3241 1288 3275 se

156 3316 159 3322 .
241 3273 352 3338 cedam,
364 3274 525 3346 indulgeam.
784 3295 868 3362 ipsam
879 3304 1015 3342 retractat:
1027 3291 1184 3365 Enimvero,
1198 3319 1287 3368 nunc,

276 3353 336 3405 628.
347 3355 413 3406 Belli
421 3358 518 3409 exitum
527 3362 636 3416 fatalem
644 3368 740 3425 immu-
784 3379 931 3420 monetote.
950 3397 984 3407 -
1000 3367 1061 3422 630.
1083 3370 1145 3424 631.
1166 3391 1220 3428 aut
1239 3400 1288 3452 eyn

202 3445 203 3452 ¹
240 3442 325 3482 tatum
346 3452 400 3483 non
417 3436 450 3486 iri
462 3437 567 3510 Jupiter
583 3449 755 3514 pronuntia.
784 3446 837 3498 veri
846 3465 913 3496 vana
918 3445 1070 3514 foror,nisi
1080 3449 1230 3508 admodum
1239 3460 1290 3511 fal·

239 3523 331 3561 verat:
349 3511 382 3564 da
400 3514 492 3566 Turno
514 3521 553 3572 nil
574 3526 736 3580 meminerat.
782 3524 838 3588 lor,
849 3543 865 3574 a
874 3541 937 3574 vero
948 3525 1052 3578 aberro.
1067 3547 1166 3596 vanus,
1176 3539 1224 3605 qui
1234 3538 1287 3590 sihi

239 3588 524 3661 JunoitaqueJovem,
536 3602 671 3668 quemsibi
682 3603 738 3673 pla·
781 3619 850 3654 vana
868 3614 894 3654 et
915 3605 1006 3656 inania
1026 3610 1182 3678 persuadet,
1200 3633 1287 3668 vanus

240 3669 367 3720 catiorem
374 3670 460 3735 videt,
470 3691 517 3725 seu
527 3677 580 3729 alia
592 3679 625 3731 de
635 3697 736 3747 caussa,
782 3681 836 3732 ucri
849 3699 934 3752 graece
947 3682 1061 3751 dietum,
1074 3700 1103 3737 ut
1115 3690 1198 3744 fallax
1210 3697 1285 3761 veri,

240 3747 404 3800 seuVeneris
413 3752 501 3823 jurgia
510 3758 636 3824 veritum,
649 3770 737 3810 cetera
782 3759 1102 3832 deceptus,faisusverih.
1110 3788 1182 3822 veno.
1194 3773 1285 3843 Quod,
1360 3771 1361 3784 ¹

240 3824 274 3877 de
286 3827 369 3878 Turni
386 3831 439 3882 vita
452 3844 478 3882 et
492 3835 738 3888 incolumitateelo·
780 3839 839 3890 καθ’
858 3837 882 3902 i,
903 3861 956 3913 qua
976 3847 1004 3896 in
1022 3863 1051 3900 re
1070 3859 1159 3902 tamen
1178 3855 1285 3904 utinam

240 3907 286 3975 qui
298 3925 352 3958 non
368 3909 466 3962 audere
479 3913 623 3980 arbitrata,
635 3918 736 3974 utinam
780 3919 882 3974 frustra
888 3937 1014 3990 metuam,
1025 3929 1163 3984 et‘utinam
1175 3942 1204 3984 tu
1213 3950 1284 3984 eon·
1360 3923 1361 3926 Ἴ

239 3981 282 4076 id,
306 3987 406 4059 inquit,
431 3989 505 4062 quod
526 3992 629 4054 disertis
649 3995 735 4052 verbis
781 3999 868 4058 silium
880 4003 914 4057 da
927 4005 1018 4056 Turno
1027 4017 1123 4060 *nautea
