2718 4594
340 291 576 384 n'uarnos
598 319 752 384 uranu
774 321 861 386 xri.
906 285 909 290 ’
1059 331 1139 426 353ἱ

78 443 253 530 Nusquam
263 441 350 507 acies
363 460 478 507 contra
489 420 640 522 Rutulas,
654 443 744 507 nulla
755 446 885 531 agmina
896 444 1001 512 Turni
1014 471 1020 512 :

78 548 199 612 Infelix
212 571 330 636 pugnae
338 548 498 638 juvenem
510 550 545 612 in
557 549 734 614 certamine
747 550 852 616 credit

77 654 302 734 Exstinctum3
316 670 362 732 et,
375 654 486 719 subito
498 671 645 718 mentem
658 653 787 720 turbata
799 655 928 737 dolore,

76 760 120 824 Se
133 782 281 824 caussam
293 761 423 839 clamat,
437 761 644 848 crimenque,
658 777 823 848 caputque
836 763 1013 847 malorum,
1080 783 1126 830 600

75 865 253 953 Multaque
265 889 325 954 per
337 882 486 929 maestum
500 865 637 930 demens
651 866 750 930 effata
762 867 924 948 furorem,

76 974 269 1059 Purpureos
282 972 442 1035 moritura
454 994 554 1034 manu
568 968 723 1035 discindit
735 971 887 1052 amictus,

77 1081 123 1142 Et
135 1077 262 1142 nodum
275 1079 496 1143 informis‘leti
508 1077 599 1142 trabe
612 1080 714 1144 nectit
724 1078 766 1143 ab
777 1079 852 1144 alta.

75 1185 188 1265 Quam
201 1183 329 1249 cladem
341 1185 469 1248 miserae
481 1201 656 1272 postquam
668 1182 830 1272 adcepere
843 1185 985 1268 Latinae3

78 1289 163 1353 Filia
174 1290 280 1378 prima
292 1313 393 1354 manu
405 1289 507 1355 flavos
520 1290 654 1355 Lavinia
667 1287 765 1355 crinis
1083 1311 1128 1359 605·

76 1479 186 1540 iqncsque
193 1448 233 1520 adi
239 1476 267 1518 ln
276 1473 366 1521 Zulich.
378 1487 427 1522 erat
436 1479 508 1540 iprum
516 1476 548 1521 ud
557 1485 572 1520 t.
582 1501 613 1511 —-
623 1475 675 1537 598.
682 1457 791 1538 juvenemx
799 1491 881 1542 puynoe
887 1495 923 1540 pr.
934 1479 1017 1526 ¹Hamb.
1027 1495 1050 1529 et
1060 1485 1130 1545 Gud.,

77 1561 154 1610 quem
166 1545 291 1591 verborum
303 1546 409 1593 ordinem
419 1547 511 1604 malim,
523 1563 554 1592 ne
564 1546 671 1609 ambigua
682 1549 712 1592 sit
724 1549 846 1593 sententia.
865 1549 1016 1610 lungendum
1031 1559 1093 1601 enim
1110 1563 1134 1604 in

77 1633 164 1682 puqnoe
175 1620 303 1663 certamiine.
313 1619 372 1664 Tum
381 1623 403 1664 in
412 1620 478 1666 abest
486 1620 547 1665 Gud.
561 1633 583 1666 et
593 1619 731 1682 quibusdam
744 1621 805 1664 Pier.
818 1636 832 1664 u
841 1625 960 1666 certamine
972 1624 1037 1670 Rom.
1052 1631 1075 1672 in
1083 1645 1133 1676 cer.

80 1692 170 1734 tamma
181 1689 241 1734 Ven.
254 1715 285 1725 -
297 1688 349 1750 599.
362 1700 385 1736 et
395 1691 459 1737 abest
478 1692 538 1737 Gud.
559 1704 582 1738 et
599 1709 635 1754 pr.
648 1692 741 1752 Menag.
758 1689 833 1736 dolote
844 1700 879 1736 est
889 1693 958 1738 Gotb.
978 1701 1133 1748 tert-600.

79 1758 199 1806 exclamat
209 1758 247 1804 ed.
259 1759 325 1805 lunt.
335 1785 366 1796 ·-
376 1761 429 1806 601.
440 1761 519 1824 efflata
531 1760 569 1808 vel
580 1761 660 1824 affiatu
676 1761 738 1806 idem
754 1760 852 1806 dolorem
863 1764 888 1806 in
900 1765 1019 1812 nonnullis
1033 1769 1094 1815 Pier.
1103 1795 1136 1808 ...

81 1833 139 1877 602.
153 1831 256 1894 dt'scr‘rrqit
268 1831 338 1876 Goth.
349 1848 396 1878 sec.
405 1857 436 1868 ··-
446 1833 499 1878 603.
510 1833 545 1878 Ac
558 1832 621 1894 apud
632 1835 736 1877 bactani,
750 1833 780 1877 de
792 1833 880 1892 Perfec,
891 1849 911 1878 c.
926 1834 963 1880 30.
978 1838 1066 1898 infamis
1075 1844 1135 1888 Vra.

79 1902 130 1948 tisl.
143 1914 166 1947 et
176 1900 274 1948 Dorvill.
287 1901 405 1964 informem
419 1901 508 1952 Zulich.
519 1919 571 1947 am.
582 1919 618 1964 pr.
632 1900 660 1946 ab
672 1901 718 1946 alto
729 1901 790 1946 Gud.
801 1919 813 1946 a
824 1918 854 1946 m.
864 1920 900 1965 pr.
911 1931 943 1938 —
951 1906 1004 1962 604.
1014 1921 1135 1976 postquam

80 1977 173 2020 miserta
185 1971 254 2018 Goth.
266 1985 319 2019 tert.
329 1999 360 2008 -
372 1973 425 2018 605.
431 1974 506 2032 flavos
516 1988 596 2018 omncs
608 1973 668 2017 Pier.
682 1983 717 2026 et,
729 1983 842 2033 quantum
854 1973 935 2030 video,
948 1977 1067 2025 lleinsiani
1084 1999 1135 2028 om-

79 2060 133 2090 nes.
145 2045 230 2106 floreos
246 2061 274 2090 ex
290 2045 381 2104 scriptis
392 2041 452 2088 nulli
464 2053 619 2106 praeterquam
630 2057 689 2104 quos
701 2040 803 2102 Giphan.
822 2041 873 2086 lud.
890 2045 982 2090 Lucret.
1001 2052 1096 2108 excitat,
1110 2066 1134 2100 et

80 2115 151 2178 quod
163 2117 186 2159 in
199 2115 264 2160 Leid.
278 2132 304 2160 ac
315 2113 412 2160 Mentel.
425 2131 461 2176 pr.
467 2115 540 2175 flores
548 2112 619 2159 fuisse
629 2115 759 2174 suspicatur
771 2113 849 2158 Burm.
856 2147 864 2168 ,
881 2125 904 2158 et
915 2115 994 2162 retulit
1007 2121 1031 2164 in
1043 2121 1133 2169 areolas

81 2201 139 2232 guas
149 2185 287 2232 Wakefield,
300 2187 392 2232 servius
404 2196 502 2232 tamen:
524 2185 657 2247 «Antiqua,
669 2184 759 2246 inquit,
771 2181 843 2229 lectio
854 2186 938 2245 floreos
954 2179 1089 2246 habuit,'id
1101 2205 1135 2239 est

81 2257 234 2313 florulentos,
247 2256 370 2319 pulchroa;
380 2267 403 2304 et
415 2267 448 2303 est
460 2273 536 2304 sermo
547 2258 673 2308 Ennianus.
689 2255 778 2301 Probus
794 2258 826 2301 sic
842 2252 976 2304 adnotavit:
989 2266 1135 2310 neutericum

83 2339 136 2374 erat
142 2327 230 2388 flavos3
247 2345 301 2390 ergo
318 2329 380 2376 bene
392 2331 494 2390 floreos:
505 2345 559 2374 nam
576 2330 695 2391 sequitur:
708 2335 731 2372 et
746 2341 820 2373 roseus
834 2325 918 2382 laniatu
927 2343 1002 2393 qenes.
1016 2333 1098 2379 Accius
1110 2337 1136 2380 iu

83 2395 199 2442 Bacchis:
212 2399 271 2442 Nam
280 2399 350 2459 florei
360 2403 445 2456 cm'nes,
455 2401 518 2456 vide,
531 2408 557 2444 ut
565 2403 662 2464 propexr'
671 2401 758 2462 jacent.
774 2399 801 2443 ln
817 2398 914 2444 iisdem:
927 2400 958 2443 Et
975 2397 1055 2468 hnuqo
1061 2405 1136 2464 florea

83 2484 147 2512 nunc
157 2468 246 2513 demum
258 2472 345 2534 iurabat.
361 2471 475 2518 Pacuvius
488 2472 602 2533 Antiopa:
616 2472 732 2516 Ceruicum
741 2471 826 2530 floreos
840 2470 946 2533 disperpit
960 2466 1060 2518 crines.»
1074 2477 1137 2522 Hac-

85 2551 157 2584 tenus
170 2539 276 2595 Servius;
285 2542 324 2585 cui
338 2540 398 2586 adde
412 2558 471 2605 quos
483 2541 564 2587 laudat
575 2542 701 2588 Burmann.
713 2542 782 2586 Probi
795 2555 893 2587 acumen
906 2539 974 2586 nihili
988 2557 1021 2589 est
1030 2558 1043 2590 :·
1051 2558 1073 2591 et
1083 2563 1137 2591 orn-

85 2611 147 2655 nino
156 2609 194 2655 vir
203 2609 314 2666 inducor,
331 2619 358 2654 ut
372 2611 524 2658 cultissimum
543 2623 636 2676 poetam
653 2613 734 2658 duram
748 2622 770 2657 et
782 2614 924 2673 antiquatam
935 2627 1015 2657 vocem
1027 2615 1137 2675 probasse

86 2678 191 2726 credam.
204 2677 307 2736 Floreos,
319 2692 376 2742 puta
388 2681 537 2746 dissyllabum
553 2683 652 2737 factum,
669 2697 730 2726 unus
741 2683 851 2743 Egnatius
862 2684 963 2743 recepit,
974 2695 1086 2744 quantum
1098 2688 1136 2731 vi-

84 2833 145 2901 jam
158 2831 251 2880 animis
264 2831 373 2881 fractos.
383 2861 417 2868 —
426 2832 486 2882 600.
499 2841 592 2901 caput,·
637 2850 697 2882 rum
707 2829 1005 2901 frequentatumMulta
1015 2831 1136 2902 exempla

90 2919 246 2974 auctorem,
263 2921 293 2957 ut
315 2924 396 2979 supra
415 2909 452 2960 XI
462 2946 470 2973 ‚
489 2908 537 2960 361
560 2907 593 2960 de
637 2911 664 2958 in
681 2911 713 2959 iis
727 2921 802 2972 sunt,
816 2927 873 2977 quae
890 2911 1023 2978 congessit
1039 2907 1135 2963 Cerda.

89 2989 200 3047 Turuo3
218 3003 233 3037 o
254 2986 331 3038 latio
353 2998 434 3060 caput
454 2987 547 3037 borum
571 3001 596 3039 et
637 2986 734 3037 Nobile
747 2986 814 3037 adeo
825 2986 871 3037 leti
883 3003 966 3056 genus
981 3004 1012 3036 ex
1025 2990 1135 3058 antiquo

91 3084 181 3120 caussa
194 3063 338 3116 malorum:
350 3066 498 3130 etcrimen,
508 3084 592 3130 reum,
637 3084 728 3128 more,
740 3065 860 3134 inprimis
872 3065 899 3114 in
913 3063 1027 3115 feminis.
1042 3063 1085 3117 Sic
1094 3068 1139 3118 Jo-

92 3149 141 3220 qui
157 3146 263 3219 culpam
280 3147 384 3198 meruit.
395 3176 429 3184 -
440 3146 500 3198 603.
518 3145 593 3194 Mor·
639 3157 712 3196 casta
723 3145 820 3214 laqueo
836 3141 958 3212 spiritum
973 3145 1137 3216 interclusit,

91 3239 148 3279 tem
158 3227 258 3280 Amatae
267 3228 325 3296 jam
341 3236 480 3296 expectare
492 3241 541 3274 nos
555 3225 594 3276 fe·
638 3223 760 3294 Epicaste
777 3225 893 3274 Homero
910 3220 981 3274 dicta
998 3223 1092 3296 Odyss.
1109 3243 1138 3288 a,

93 3304 168 3360 cerat
175 3325 234 3378 sup.
243 3306 393 3359 vesanas.
404 3307 460 3356 Nec
471 3324 520 3376 pro
529 3303 592 3354 odio
639 3321 687 3374 ²77
702 3321 759 3374 sqq.
775 3301 816 3354 Sic
832 3316 917 3355 mater
931 3303 1048 3374 Ulyssis,
1060 3307 1138 3358 dnti-

92 3386 196 3440 illasuo
207 3389 235 3437 in
246 3387 354 3439 AEneam
362 3398 494 3457 superstes
502 3383 592 3434 Turno
638 3383 709 3450 clea,
722 3402 765 3454 ap.
777 3381 856 3434 eund.
868 3381 910 3434 Sic
923 3381 990 3435 Clite
1001 3404 1044 3454 ap,
1057 3383 1137 3458 Apol·

4 3531 5 3534 Ἴ
94 3483 153 3519 esse
166 3464 290 3517 debebat.
299 3465 456 3517 Sedinfame
466 3464 518 3516 boc
527 3481 594 3513 mor·
638 3457 692 3514 lon.
706 3465 718 3512 l
726 3499 733 3526 ,
752 3462 826 3513 1063.
845 3461 886 3512 Sic
903 3461 1014 3514 Phaedra
1030 3476 1056 3514 et
1069 3465 1136 3517 aliae.

92 3548 128 3598 tis
143 3561 225 3612 genus
238 3557 344 3612 poetam
360 3543 484 3596 maluisse
498 3543 594 3593 mirum
638 3543 714 3596 Hauc
726 3539 793 3593 adeo
806 3556 917 3594 mortem
931 3541 1047 3612 praetulit
1056 3559 1138 3618 poeta

4 3613 6 3684 J
93 3620 181 3676 videri
198 3619 285 3671 debet.
304 3621 409 3674 Scilicet
425 3641 474 3674 nec
491 3621 543 3673 boc
560 3619 595 3674 ad
639 3622 809 3674 historiarum
822 3619 899 3684 fidei,
918 3639 970 3692 qua
990 3624 1063 3694 apud
1081 3625 1138 3677 Ser·

96 3705 140 3756 sui
158 3699 247 3751 saeculi
266 3718 371 3750 sensum
394 3703 595 3770 attemperavit,
639 3702 711 3753 vium
719 3701 1139 3756 FabiusPictorAmataminedia

96 3803 148 3837 uec
163 3780 198 3833 ad
210 3793 327 3832 nostram
337 3781 489 3850 opinionem
503 3793 542 3832 est
554 3781 597 3832 di·
641 3799 668 3832 se
681 3781 844 3831 interemisse
852 3775 1013 3834 'tradiderat
1029 3781 1064 3832 At
1077 3783 1138 3834 Piso

4 3919 6 3936 μ
95 3857 288 3935 judicandum,
306 3872 345 3911 est
364 3861 432 3911 enim
447 3858 500 3910 hoc
515 3878 598 3931 genus
619 3865 622 3874 ’
644 3857 984 3930 apudVictor.0rig.G.'R.
1000 3860 1141 3932 r3simpli-

4 3937 6 4010 J
98 3943 193 3994 mortis
207 3939 345 3993 heroicum
359 3959 390 3992 ac
407 3941 552 4012 tragicum,
571 3940 598 3993 h.
645 3935 727 3991 citer:
742 3938 877 4010 interfecto
888 3937 1039 4012 Latinam
1051 3960 1143 4012 pugna
1220 4005 1222 4013 ἢ

4 4019 6 4088 s
101 4040 126 4074 e.
139 4020 300 4074 carminibus
313 4033 339 4074 et
351 4020 485 4092 tragoediis
497 4019 601 4074 Graeco-
646 4035 707 4071 cum
731 4018 857 4094 Rutulis)
882 4032 991 4072 mortem
1020 4021 1142 4080 Amatam

176 4108 203 4180 4·
939 4109 1000 4160 ²3·
1086 4171 1087 4176 ,
