2690 4596
487 250 707 316 GAR'MEN.
1055 255 1119 341 439

71 375 91 438 J
93 395 226 438 uramus
238 374 354 452 Divos,
368 371 549 460 Divosque,
564 372 686 438 invitus
699 374 734 438 in
746 395 851 439 unum

72 481 260 546 Conflatum
271 477 354 544 vidit
366 475 511 557 Latium,
526 495 559 543 et
571 493 729 544 temerata
741 481 876 546 Latinus
1075 494 1119 542 335

71 584 210 650 Foedera
222 609 229 648 ι
243 607 304 650 nee
316 578 473 673 Phrygios
488 607 636 673 uuquam
648 584 792 650 turbavit
803 583 957 651 honores·
1020 589 1024 596 ’

70 694 161 776 Quin
174 710 271 773 nutae,
286 690 419 782 quando
430 691 594 780 Superum
607 693 654 756 sio
667 701 743 758 v'ote
756 692 920 773 serebant,

73 799 262 878 connubia,
276 815 309 863 et
320 820 480 886 generum
492 819 612 885 magno
625 815 657 862 te
671 797 805 886 optubet
816 823 944 864 umore.¹

70 905 138 972 Sed
151 904 314 995 quidquid
327 921 417 970 teuto
430 928 598 974 armorum
609 905 768 993 flagrante
780 907 939 986 tumultu,

70 1015 258 1077 Tantorum
266 1011 426 1102 furiisque
435 1023 696 1104 operum‚etque
705 1010 874 1076 laboribus
881 1029 991 1078 actum
999 1028 1063 1094 est;
1075 1025 1121 1084 ³40

72 1117 114 1182 Id
125 1117 259 1182 rabidus
271 1117 390 1195 Turni,
405 1132 438 1180 et
450 1115 589 1180 stimulis
601 1117 756 1182 incensus
769 1117 906 1205 inique,
974 1117 976 1124 ’

74 1223 322 1312 Confectusque
335 1221 419 1287 odiis
432 1222 526 1286 furor
537 1222 646 1292 attulit
661 1245 668 1286 ε
681 1222 750 1303 ille,
764 1240 920 1311 negantes

73 1329 280 1417 Invitasque,
294 1327 386 1392 dedit
398 1328 507 1399 Latius
520 1329 553 1390 in
567 1329 678 1416 praelio
692 1345 817 1416 gentes.

73 1436 175 1499 Illum
187 1435 294 1499 omnis
307 1425 464 1511 converse
477 1433 596 1500 cohors
609 1435 780 1522 poscebat,
794 1451 831 1498 ut
842 1436 941 1500 armis

75 1540 232 1620 Cederet,
246 1557 279 1604 et
290 1563 447 1627 magnum
458 1541 581 1604 sineret
594 1539 772 1608 succedere
785 1541 888 1629 pectis
1077 1552 1121 1610 345
1246 1615 1248 1623 s

76 1649 259 1714 Connubiis
271 1647 493 1744 Anchisiaden
505 1671 512 1710 :
526 1647 605 1714 inde
618 1650 763 1737 optimus
776 1648 888 1714 ambas

74 1758 94 1821 J
99 1755 241 1844 ungebat
252 1755 377 1844 palmas
389 1753 518 1820 defesse
531 1770 625 1844 aetete
639 1756 775 1822 Latinus

77 1863 255 1942 lofredus,
269 1861 439 1949 nimioque
451 1859 625 1924 ardentem
637 1864 744 1924 Marte
755 1858 902 1947 rogabat.

76 1970 107 2032 N
109 1991 147 2033 ec
158 1983 278 2032 nostrae
290 1982 428 2054 potuere
440 1988 556 2053 preces
568 1966 740 2030 inflectere
749 1964 887 2046 durum,

77 2077 148 2138 Nec
160 2075 282 2141 Divum
294 2087 446 2160 portenta
457 2071 605 2136 animum
617 2094 624 2134 ι
639 2072 720 2160 quin
731 2071 838 2135 acrius
850 2070 962 2158 ignem
1081 2082 1126 2130 350

77 2182 257 2270 Spumabet
268 2181 358 2244 ierus
371 2202 427 2243 ore
440 2201 592 2258 vomens,
606 2179 800 2268 bellumque
812 2177 929 2243 ciebat.

77 2291 120 2353 At
133 2310 212 2352 vero
225 2286 363 2374 dignum
375 2285 502 2348 invenit
513 2307 574 2372 pro
587 2285 707 2349 talibus
720 2285 807 2348 ausis

78 2394 239 2474 Exitium3
252 2394 354 2482 qui-te
365 2389 500 2456 tandem
512 2391 637 2456 victore
650 2387 830 2454 momordit

77 2501 270 2588 Nigrantem
283 2513 463 2586 prostratus
475 2495 616 2561 humum
628 2521 634 2560 :
648 2520 738 2561 nunc
750 2495 921 2586 improbus
934 2491 1021 2559 aedes

78 2603 252 2672 Tartareas
265 2605 397 2684 visurus,
407 2619 473 2680 eat,
488 2619 679 2690 quaeratque
691 2602 753 2668 sub
766 2603 834 2666 imo
1073 2613 1127 2666 ,355

78 2715 178 2778 Nunc
189 2711 266 2774 alias
278 2707 466 2771 Acheronte
477 2707 578 2786 acieS,
592 2708 741 2795 aliosque
753 2707 953 2794 hymenaeos.

81 2872 172 2924 AEueae
190 2867 286 2920 victori
303 2865 457 2938 gratuletur.
477 2895 514 2910 ·-
533 2865 594 2934 339.
614 2867 663 2918 Sed
680 2865 813 2938 quidquid
830 2872 903 2914 tauto
923 2879 1057 2912 armonem
1076 2873 1127 2912 etc.

81 2957 182 3024 Purgat
197 2950 335 3010 Latinum,
354 2947 477 3014 rejiciens
493 2948 521 2998 in
537 2949 657 2998 Turnum
672 2948 772 2998 crimen
790 2961 868 2996 omne
886 2941 959 2993 belli.
975 2941 1007 2992 A.
1020 2971 1054 2984 «—
1067 2942 1132 3009 344*

82 3031 169 3085 Illum
180 3029 265 3082 omnir
274 3040 324 3080 eto.
336 3028 433 3097 Purget
442 3029 523 3078 etiam
532 3027 663 3098 populum
675 3028 814 3090 Latinum,
825 3025 871 3094 qui
881 3021 1010 3093 poscebat
1022 3033 1051 3071 ut
1062 3023 1130 3072 Tur·

83 3129 136 3166 nus
150 3112 229 3164 ermis
239 3107 359 3174 eederet,
372 3106 535 3169 discederem
546 3119 573 3160 et
582 3108 620 3160 itu
629 3119 721 3178 putem
732 3103 872 3176 legendum
887 3113 918 3152 ut
925 3100 1006 3150 armis
1015 3099 1130 3165 eederet,

82 3193 176 3264 potius
189 3209 268 3260 quem
282 3187 313 3238 in·
319 3187 415 3251 armis,
431 3189 484 3238 nisi
496 3189 530 3238 sit
541 3189 627 3239 omnis
638 3187 735 3240 cohors
749 3186 777 3236 in
789 3183 869 3235 amis
880 3198 1017 3244 conversa,
1030 3179 1132 3230 scilieet

85 3273 122 3326 ed
134 3273 252 3324 AEneum.
263 3270 294 3323 Α.
305 3297 339 3308 ·-
351 3267 412 3336 347.
426 3267 524 3338 defessa
536 3277 620 3320 etate.
633 3268 741 3340 Legitur
751 3267 830 3318 etiam
840 3263 946 3316 detecta
955 3271 1045 3324 etate,
1056 3272 1082 3312 et
1092 3272 1133 3311 est

85 3353 186 3423 duplex
196 3369 287 3404 seusus
298 3369 305 3400 :
318 3362 365 3408 eut
378 3348 451 3420 quod
466 3350 500 3400 sit
513 3349 626 3400 multum
639 3349 754 3412 fractus,
770 3363 826 3397 uon
839 3345 919 3406 vitio,
934 3339 981 3391 sed
995 3351 1072 3391 etate
1083 3338 1133 3392 de·

84 3436 171 3497 fessa,
191 3444 237 3485 eut
252 3429 373 3484 defecta:
392 3442 440 3482 aut
457 3429 529 3500 quod
544 3430 772 3492 muniremus,
790 3426 905 3486 horest,
926 3419 999 3490 quod
1010 3422 1130 3490 quamvis

85 3515 193 3566 defesse
204 3523 294 3578 erute,
307 3525 395 3566 temen
405 3511 551 3564 infractus:
566 3523 612 3561 aut
622 3513 677 3580 jam
689 3508 797 3562 tandem
808 3509 923 3570 fruetus,
938 3520 987 3552 nec
1001 3501 1072 3552 ultra
1085 3520 1132 3554 va·

7 3615 8 3638 i
85 3590 288 3660 lens,jun9ebut
297 3589 385 3640 ambas
394 3587 509 3659 palmas,
520 3590 668 3658 conjunctis
679 3587 801 3660 manibus
812 3583 907 3636 orabat
917 3592 944 3632 et
955 3579 1077 3651 rogabat,
1088 3599 1133 3631 ar-

7 3695 9 3718 ι
86 3671 205 3734 dentem,
215 3681 369 3722 estuantem
380 3671 462 3720 nimio
474 3670 575 3733 Morte,
588 3687 679 3722 amore
690 3669 755 3721 belli
767 3679 814 3719 ete.
827 3668 858 3718 A.
870 3693 908 3708 1—-
920 3660 981 3715 353.
992 3661 1135 3712 momordit

86 3751 118 3802 Ν
118 3750 247 3821 iqrantem
253 3759 397 3818 prostratur
405 3747 524 3800 humum.
532 3750 575 3819 Sic
583 3748 617 3800 de
624 3749 769 3812 Mezentio,
782 3746 839 3797 AEn.
848 3745 894 3810 Xl,
907 3743 971 3810 4183
980 3750 1007 3791 et
1020 3739 1135 3790 humum

7 3859 9 3882 t
86 3827 169 3884 semel
177 3847 220 3882 ore
232 3828 379 3880 momordit.
392 3828 446 3880 Ubi
456 3827 556 3880 dictum
566 3841 620 3894 est,
633 3827 707 3899 quod
717 3828 768 3878 viri
780 3829 863 3878 fortes
872 3826 901 3877 in
912 3835 1025 3874 mortem
1037 3819 1134 3871 eaden·

7 3949 10 3961 *¹
88 3926 144 3975 ¹⁰⁵2
154 3930 189 3963 1¹²
199 3927 292 3966 vocem
305 3913 361 3962 viro
374 3909 510 3982 indignam
519 3913 683 3976 emitterent,
695 3909 806 3962 humum
815 3906 951 3968 mordent3
962 3900 1035 3975 quod
1046 3913 1134 3952 autem

7 4015 10 4048 r
88 3993 240 4065 eiurantem
249 3989 420 4066 dieit‚etiaur
427 3989 969 4067 exVirgilio.-354.uuncimprobusetc.
977 3980 1134 4038 ostenditur
