2718 4594
262 283 324 365 334
510 275 1056 358 n.vrns1t11utnou1s

260 406 425 482 Loricam,
439 418 472 466 et
484 423 649 466 summum
662 397 1103 490 deguststvolnerecorpus.
1118 465 1122 474 ,
1170 395 1190 489 ’ἱ

261 511 320 576 llle
332 527 441 575 tamen
454 507 562 596 clipeo
575 505 705 594 objecto
717 525 896 570 conversus
908 505 943 570 in
954 503 1085 572 bostem

259 615 346 696 lbet,
361 632 393 681 et
404 613 561 680 auxilium
573 610 674 678 ducto
685 631 844 674 mucrone
856 611 1006 699 petebnt3

257 723 369 805 Quum
382 738 452 786 rota
464 718 666 808 praecipitern
679 733 711 782 et
722 737 883 805 procursu
895 720 1044 786 concitus
1054 721 1124 788 axis

259 827 398 916 Inpulit,
412 824 622 914 effunditque
635 824 721 904 solo;
734 821 935 913 Turnusque
947 843 1094 907 secutus,
1116 867 1120 876 .
1261 841 1300 890 380
1337 839 1338 848 ²

259 935 364 998 lmarn
376 934 462 997 inter
473 931 612 1020 galeam,
626 929 746 994 summi
758 928 900 996 thoracis
916 948 948 996 et
960 955 1047 1013 oros,

258 1039 401 1104 Abstulit
413 1061 490 1104 ense
503 1052 615 1125 caput,
628 1053 849 1125 truncumque
861 1037 995 1126 reliquit
1006 1061 1124 1103 srenae.

302 1149 410 1236 Atque
423 1167 461 1209 ee
473 1144 554 1209 dum
566 1143 688 1232 campis
700 1143 806 1208 victor
818 1141 874 1207 det
886 1143 1002 1208 funcra
1014 1145 1149 1211 Turnus
1161 1167 1169 1208 :

258 1253 389 1318 Interea
401 1255 524 1316 AEnean
536 1247 742 1327 Mnestheus,
757 1265 790 1314 et
801 1247 888 1314 fidus
899 1247 1053 1329 Achates,
1337 1319 1338 1342 q

257 1359 482 1446 Ascaniusque
493 1379 619 1436 comes,
633 1356 745 1420 castris
758 1371 901 1420 statuere
912 1373 1101 1438 cruentum,
1260 1370 1298 1420 stt

255 1467 408 1532 Alternus
420 1465 517 1552 longa
529 1465 689 1554 nitentem
702 1461 839 1552 cuspide
852 1486 1000 1551 gressus,-

256 1573 366 1651 saevit,
381 1587 413 1636 et
425 1571 561 1635 infructu
573 1569 716 1636 luctatur
727 1567 889 1635 arundine
899 1570 1003 1634 telum

256 1679 408 1766 Eripere,
421 1676 608 1766 auxilioque
620 1677 720 1754 vium,
735 1698 809 1764 quae
820 1677 983 1764 proxima,
997 1677 1123 1765 poscit:
1137 1725 1140 1730 -

256 1783 343 1850 Ense
355 1799 468 1849 secent
479 1783 545 1848 lato
557 1781 689 1862 volnus,
703 1781 827 1872 telique
839 1781 999 1848 latebram

256 1959 310 2023 467.
323 1959 353 2016 V,
367 1960 419 2022 259.
434 1958 490 2014 vn,
501 1958 555 2020 639.
565 1958 658 2021 -3781
671 1959 751 2006 educto
763 1958 853 2022 aliquot
862 1961 923 2006 Pier.
937 1971 961 2008 et
971 1971 1018 2006 tres
1028 1961 1122 2016 Burin..
1132 1961 1201 2024 quod
1212 1961 1300 2024 vulgare

257 2044 324 2079 esset.
339 2033 438 2078 adducto
457 2030 576 2086 Parrbas,
592 2047 715 2093 perperam
731 2031 798 2078 ducto
808 2049 823 2076 u
834 2046 940 2094 mucrone
951 2029 991 2076 alii
1010 2031 1073 2093 apud
1089 2033 1153 2078 Pier.
1170 2049 1227 2078 cum
1241 2035 1299 2079 nom.
1337 2053 1338 2084 t

255 2107 334 2150 stricto
345 2105 462 2158 Donatus,
480 2114 530 2148 tum
546 2100 636 2148 Zulicb.
653 2101 723 2148 Goth.
736 2118 772 2164 pr.
785 2113 808 2148 et
820 2117 868 2149 non
884 2103 955 2150 modo
966 2100 1064 2148 Mediol.
1076 2119 1090 2148 e
1101 2103 1239 2150 but-manno
1255 2103 1300 2150 lau·

256 2173 323 2230 dota,
337 2173 380 2218 sed
390 2187 471 2218 omnes
484 2183 569 2218 uottrae
587 2183 642 2218 vett.
663 2172 731 2229 edd,
743 2187 818 2235 usque
836 2173 866 2218 ad
883 2171 935 2218 Ald.
953 2188 1002 2234 pn,
1021 2175 1046 2218 in
1060 2188 1108 2234 qun
1119 2175 1226 2234 primum
1240 2175 1301 2220 ducto

255 2254 383 2304 comparet.
394 2267 426 2278 -
437 2242 490 2303 379.
506 2242 581 2300 Quum
593 2252 643 2288 rota
652 2243 732 2288 lleins.
744 2259 757 2289 e
768 2242 854 2291 Medic.
867 2253 890 2290 et
899 2241 963 2297 aliis;
979 2241 1039 2288 adde
1050 2239 1120 2288 Goth.
1133 2257 1181 2288 sec.
1196 2261 1241 2305 pro
1252 2243 1301 2291 vul-

255 2325 322 2376 gato:
334 2313 413 2371 Quem.
422 2339 454 2348 -
463 2311 516 2358 380.
526 2313 626 2375 effundit
638 2313 701 2360 idem
710 2330 723 2360 e
732 2312 868 2360 melioribus
886 2315 933 2359 suis
945 2325 968 2360 et
978 2313 1092 2360 Plotianis
1102 2327 1107 2357 :
1126 2312 1202 2375 vulgo
1218 2314 1300 2378 effitdit

255 2409 287 2422 ·-
295 2383 348 2430 381.
361 2400 496 2430 sumum...-
507 2400 563 2430 oras
572 2383 642 2430 Goth.
657 2400 703 2430 sec.
715 2409 747 2421 -
757 2385 809 2430 382.
820 2383 927 2448 relinquit
941 2385 1001 2430 Ven.
1016 2395 1039 2430 ot
1054 2383 1146 2446 aliquot
1158 2387 1222 2432 Pier.
1232 2403 1300 2432 otum

256 2453 385 2501 secundum
395 2451 519 2516 plerosque
531 2455 650 2500 Pierianot
661 2466 685 2500 et
697 2453 829 2516 complures
839 2470 894 2501 suos
904 2456 994 2516 recepit
1003 2453 1123 2508 Heinsius,
1138 2465 1252 2517 tauquam
1265 2472 1301 2502 er·

255 2527 379 2589 quisitius(
388 2529 509 2588 praeiverat
518 2536 596 2572 tamen
606 2535 629 2570 et
639 2527 665 2570 in
674 2525 731 2582 boc,
743 2536 770 2572 ut
781 2528 805 2570 in
815 2527 944 2571 innumeris
951 2524 1156 2571 emendationibus
1165 2526 1300 2582 lleinsianis,
1337 2581 1338 2586 ¹

254 2596 437 2644 Commeliniana
447 2597 521 2642 editio
529 2598 551 2656 ):
561 2596 646 2660 vulgo:
656 2613 739 2653 arena,
749 2598 813 2660 quod
823 2599 939 2642 Romanus
947 2609 1033 2642 tuetur.
1043 2594 1136 2641 υ-385.
1148 2597 1300 2660 Ascanmsqtoe
1337 2589 1338 2592 Ἰ

253 2682 312 2732 puer
320 2668 448 2725 Romanus,
460 2668 525 2731 quod
535 2668 642 2730 prefero.
651 2667 772 2714 Accedunt
781 2669 803 2713 ei
814 2669 888 2730 bigot.
900 2679 922 2714 et
934 2667 1003 2712 Goth.
1016 2681 1061 2712 see.
1072 2677 1095 2711 et
1106 2667 1223 2712 Donatus.
1232 2682 1299 2713 comes
1337 2661 1338 2728 l

253 2737 329 2802 friget.
340 2763 372 2774 -
380 2737 434 2802 389.
444 2747 503 2784 secet
513 2739 599 2786 Medic.
610 2755 624 2786 a
635 2755 667 2784 m.
679 2755 716 2802 pr.
730 2736 826 2784 latebras
835 2737 921 2784 Medic.
933 2738 956 2784 el
965 2736 1005 2782 alii
1014 2737 1093 2781 lleins.
1104 2749 1161 2780 cum
1175 2736 1246 2782 Goth.
1255 2753 1297 2783 sec·
1337 2783 1338 2786 ,

254 2882 303 2933 ntis
317 2880 447 2951 (factem
457 2895 488 2933 ut
503 2880 616 2933 trilicem
626 2899 685 2953 sup.
693 2881 752 2933 AEn.
799 2879 864 2946 ἔγχει
877 2876 1019 2949 ipudo‘ptru,
1029 2877 1154 2943 alternis,
1163 2895 1247 2948 quum
1262 2877 1297 2930 al·

253 2962 307 3026 111,
321 2961 380 3030 467.
393 2965 430 3026 V,
445 2961 503 3030 259.
515 2961 562 3012 ubi
573 2963 636 3013 Not.
647 2991 682 3000 —-
691 2960 751 3030 376.
797 2971 855 3011 tero
872 2959 941 3030 pede
956 2958 1133 3022 claudicaret,
1149 2960 1262 3012 vulnere
1273 2961 1296 3010 in

254 3041 387 3113 depastas,
403 3051 433 3090 ut
444 3039 553 3091 bibere:
571 3041 609 3090 slc
619 3041 674 3109 jum
688 3035 754 3104 quit·
796 3040 913 3106 femore,
925 3051 955 3088 ut
967 3037 1108 3108 probabile
1119 3037 1164 3102 fit,
1178 3051 1295 3110 accepto.

254 3121 315 3172 σθαι
327 3139 377 3190 pro
385 3120 513 3191 stringere
524 3117 599 3170 llisd.
609 3140 635 3180 v,
649 3119 708 3172 258.
720 3135 752 3184 φ,
796 3117 988 3188 -387.Saevtt.
994 3121 1073 3184 Rene,
1081 3119 1172 3188 inquit
1179 3118 1296 3182 Servius,

251 3201 296 3252 bo.
312 3199 365 3264 61;
382 3197 446 3250 alibi
460 3198 513 3250 alia
528 3197 614 3270 figura
632 3194 753 3267 ι’πίῃαψι
795 3199 853 3250 viro
864 3200 927 3249 forti
937 3211 1024 3250 servat
1036 3197 1209 3269 dignitatem:
1218 3197 1297 3269 indig·
1337 3233 1338 3266 q

252 3276 322 3348 χρόα.
336 3289 392 3330 rota
408 3287 433 3329 et
450 3278 507 3330 axis
520 3295 648 3349 procursu
662 3278 752 3330 conci·
786 3287 877 3330 ''nstur
887 3277 1026 3330 hominurn
1034 3275 1165 3348 perfidis,
1176 3277 1296 3330 exardes·
1337 3271 1338 3308 l

253 3369 308 3421 tus,
320 3357 404 3408 Turni
420 3369 494 3427 puta.
509 3387 543 3395 -
560 3356 619 3408 381.
634 3355 694 3409 382.
710 3359 751 3410 De
796 3359 841 3422 cit,
848 3357 1043 3430 quodspugns
1051 3357 1233 3410 abstrahitur:
1244 3360 1296 3430 ipsc

252 3435 369 3488 vulneris
381 3435 444 3488 sede
457 3455 488 3489 sc
498 3435 577 3488 modo
586 3439 612 3488 in
625 3439 684 3508 ipsa
694 3455 750 3490 cer·
787 3435 878 3489 ‘telum
895 3448 1008 3501 tractat,
1028 3434 1196 3488 labefactat:
1214 3439 1295 3488 fracto
1337 3427 1338 3442 ³

252 3516 317 3566 vicis
338 3515 462 3566 vertebra
477 3515 562 3578 illuti;
580 3519 650 3568 conf.
669 3535 751 3588 supra
793 3516 866 3589 ligno
880 3519 983 3588 poscit,
1001 3530 1030 3568 ut
1045 3516 1157 3568 vulnere
1171 3518 1295 3590 ampliato
1337 3521 1338 3564 l

249 3593 289 3645 'XI
297 3630 304 3658 ‚
317 3593 408 3663 691....
422 3594 490 3663 693,
508 3609 534 3646 et
548 3595 586 3647 ibi
601 3597 663 3646 Ver.
677 3595 749 3647 Lect.
793 3597 1296 3651 ferramentumexsecctur.0mniahaeo

288 3673 348 3723 383.
361 3671 438 3722 Redit
451 3670 485 3723 ad
501 3675 611 3726 AEneam
626 3673 750 3726 vulnera·
785 3676 830 3728 ‘ad
853 3691 959 3728 nostros
986 3694 1078 3728 sensus
1107 3679 1296 3730 accommoda·
1337 3709 1338 3724 t

251 3763 321 3815 tum,
332 3753 407 3820 cujus
417 3755 595 3818 curationem,
606 3767 635 3804 ut
644 3755 749 3824 epicum
793 3757 879 3822 tiore,
897 3775 977 3827 quum
994 3775 1052 3828 quse
1071 3756 1105 3808 de
1122 3758 1231 3811 Glauco
1248 3761 1297 3811 llo·

250 3843 356 3902 poetam
379 3829 511 3899 decebat,
534 3831 654 3882 mirabili
673 3833 749 3884 modo
793 3853 880 3887 merus
902 3835 978 3887 lliud.
1000 3855 1034 3896 rr,
1059 3837 1110 3888 508
1132 3853 1232 3908 seqq,
1254 3838 1295 3890 sed

244 3909 350 3980 factam
367 3911 484 3980 exponit.
499 3939 534 3949 -
548 3909 607 3962 886.
622 3913 749 3962 nitentem
793 3915 936 3966 Homerica
948 3916 1076 3987 propiora
1091 3928 1156 3967 sunt
1171 3918 1209 3982 ad
1225 3933 1296 3971 netu·

250 3987 364 4062 (quoad)
375 4005 480 4063 gressus
493 3987 608 4042 alternos
621 3991 748 4062 cuspide,
793 4013 828 4046 τε
844 3995 990 4048 veritatem.
