2736 4598
231 295 293 358 232
478 291 513 354 P.
536 280 772 353 VIRGlLlI
793 278 1026 355 Mauorlls‘

230 411 331 501 Cujus
344 411 386 476 oh
399 413 581 499 auspicium
594 412 789 489 infaustum,
803 433 979 501 moresque
991 413 1156 495 sinistros,

229 517 343 582 Dicam
357 515 526 606 equidem,
539 517 616 582 licet
627 539 717 580 arma
729 515 811 580 mihi
823 533 1032 606 mortemque
1044 519 1203 597 minetur,

229 621 369 686 Lumina
380 637 430 686 tot
441 620 598 688 cecidisse
611 621 753 700 ducum,
765 636 934 709 totumque
946 620 1097 688 videmus

229 726 426 792 Consedisse
438 727 556 792 urbem
567 729 676 807 luctu;
689 725 769 792 dum
781 728 882 792 Troia
893 743 998 792 tentat

229 836 354 914 Castra,
369 836 454 922 fugae
466 835 587 915 fidens,
602 851 634 900 et
646 835 764 900 caelum
775 836 902 906 territat
913 836 1022 900 armis.

229 941 341 1004 Unum
355 943 453 1005 etiarn
465 940 561 1006 donis
574 942 658 1021 istis,
672 963 746 1029 quae
757 939 899 1028 plurime
910 942 996 1006 mitti

229 1046 427 1113 Dardanidis
440 1046 571 1137 dicique
580 1047 692 1137 jubes,
707 1069 826 1126 unum,
840 1063 977 1134 optume
989 1069 1119 1134 regum,

229 1152 386 1242 Adjicias;
399 1177 461 1218 nec
472 1169 505 1218 te
518 1153 616 1218 ullius
628 1154 785 1218 violentia
797 1154 920 1231 vincat,

228 1260 317 1341 Quin
330 1276 438 1324 natam
452 1261 583 1348 egregio
595 1282 734 1347 genero,
749 1258 923 1347 dignisque
935 1257 1118 1347 hymenaeis

228 1368 310 1447 Des,
324 1384 432 1455 pater,
447 1383 479 1431 et
490 1390 606 1454 pacem
619 1367 703 1432 hanc
716 1383 840 1432 aeterno
854 1366 979 1430 foedere
987 1367 1117 1456 jungas.

228 1470 329 1552 Quod
341 1473 368 1535 si
380 1488 490 1535 tantus
502 1471 602 1537 habet
614 1473 733 1537 mentis
747 1489 779 1536 et
791 1488 925 1560 pectora
937 1488 1058 1550 terror3

229 1578 344 1664 Ipsum
356 1576 575 1658 obtestemur,
589 1579 787 1666 veniamque
800 1601 933 1643 oremus
945 1576 986 1642 ab
999 1578 1072 1666 ipso
1084 1599 1091 1639 :

231 1665 348 1761 Cedat3
357 1680 413 1770 jus
425 1683 598 1770 proprium
610 1681 694 1771 regi,
708 1684 890 1771 patriaeque
902 1683 1058 1748 remittat·

229 1851 316 1886 censet.
330 1839 421 1903 populls
432 1849 455 1887 et
465 1843 541 1904 sprot.
551 1866 583 1876 —
592 1838 644 1904 347Ι
657 1841 684 1887 ob
695 1845 816 1907 uuqurr'um
826 1859 864 1906 ap.
877 1844 988 1889 Priscian.
1000 1842 1041 1902 lib.
1054 1841 1115 1895 XIV,
1124 1842 1209 1887 vitiose
1216 1840 1280 1886 haud

228 1909 308 1956 dubie.
321 1915 446 1974 auspicium
460 1912 577 1975 irffundum
585 1911 651 1958 leid.
662 1913 785 1976 infaustum
793 1917 918 1977 uuspr‘cium
927 1913 1032 1960 Perrhae.
1043 1937 1074 1947 -
1086 1911 1139 1957 350.
1153 1912 1280 1957 Cornidrsse

226 1979 316 2026 Zulich.
330 1985 353 2026 in
367 1981 452 2028 luctum
463 1983 523 2031 alter
537 1982 635 2030 Mentel.
652 1987 674 2030 t'u
686 1983 760 2031 luctus
775 1985 881 2032 Perrhae.
895 1989 918 2030 iu
932 1984 993 2031 luctu
1006 1983 1072 2030 Leid.
1086 1993 1109 2028 et
1120 1983 1228 2044 qtrinque
1239 1982 1281 2027 elii

229 2066 266 2112 ap.
279 2052 357 2098 Burin.
370 2069 423 2099 oum
436 2054 505 2100 Goth.
520 2070 566 2102 tec.
584 2058 664 2102 Troica
679 2055 737 2102 alter
753 2056 835 2102 llamb.
854 2055 896 2102 red
907 2061 961 2101 sumt
975 2046 1058 2114 Tpuiiu.
1076 2061 1153 2114 captat
1170 2052 1238 2099 Leid.
1249 2077 1282 2088 -

229 2121 349 2185 351.fuqa
354 2123 378 2185 Ι
392 2126 457 2169 Rom.
466 2149 498 2160 -
508 2125 561 2171 352.
575 2128 643 2171 mittis
653 2128 735 2172 Franc.
744 2151 776 2162 -
785 2127 839 2172 353.
852 2128 939 2190 dicmur
948 2127 1027 2172 lleins.
1037 2123 1167 2172 secundnm
1178 2124 1283 2170 Pierium

231 2208 261 2237 ex
280 2195 346 2238 Rom.
365 2193 453 2241 Medic.
473 2209 496 2242 et
514 2197 622 2244 omnibus
640 2199 855 2259 praestantioribus:
867 2213 911 2260 pro
924 2196 1015 2258 vulgari
1030 2197 1095 2249 duci,
1112 2192 1177 2257 quod
1188 2196 1214 2238 in
1228 2194 1280 2240 Ald.

230 2275 276 2307 nec.
290 2275 411 2324 receptum
422 2267 525 2312 :Docuit
536 2267 615 2312 Heius.
626 2278 650 2313 et
661 2267 726 2312 adh.
743 2267 759 2312 l.
773 2281 796 2314 et
807 2285 858 2331 sup.
871 2267 902 2313 ad
913 2267 954 2313 lib.
965 2269 994 2324 V,
1006 2265 1064 2324 486,
1076 2265 1148 2311 dicere
1164 2266 1189 2308 in
1205 2263 1242 2310 luit
1258 2277 1281 2310 et
1351 2279 1352 2300 l

232 2331 346 2378 similibus
356 2349 405 2379 esse
417 2339 562 2397 promittere.
573 2339 669 2400 Proprie
680 2351 714 2384 est
723 2338 845 2402 designare
856 2355 941 2385 munus
948 2351 971 2385 et
978 2338 1102 2385 destinare.
1109 2361 1138 2372 -
1148 2333 1202 2391 354.
1213 2333 1281 2380 ullius

230 2404 342 2446 sententia
350 2403 426 2464 Bigot.
440 2415 464 2450 et
474 2422 510 2466 pr.
521 2406 603 2452 llamb.
617 2422 659 2468 pro
671 2425 719 2454 var.
732 2407 786 2455 lect.
798 2425 851 2456 cum
861 2409 930 2454 Goth.
941 2421 994 2455 tert.
1005 2433 1037 2444 --
1046 2407 1099 2453 355.
1110 2413 1203 2470 pirulam
1214 2406 1280 2450 llom.

232 2481 255 2516 et
267 2469 297 2515 al.
309 2476 410 2536 eqreqius
427 2475 495 2521 Goth.
514 2488 566 2522 tert.
580 2493 623 2540 que
635 2477 699 2524 abest
717 2480 813 2526 Dor-vill.
824 2507 856 2518 -
868 2481 921 2528 356.
937 2482 987 2525 Das
1002 2495 1037 2541 pr.
1049 2480 1133 2524 Moret.
1146 2476 1203 2521 hanc
1215 2475 1282 2522 deest

229 2539 290 2584 Ven.
302 2539 353 2587 huuc
367 2544 450 2591 Franc.
457 2546 480 2608 f.
486 2547 580 2607 firmes,
593 2547 658 2610 quod
669 2548 739 2611 longe
749 2549 844 2607 melius,
855 2550 943 2596 habent
955 2551 1022 2595 llom:
1034 2561 1057 2594 et
1068 2547 1107 2593 alii
1118 2548 1179 2592 Picr.
1193 2545 1280 2590 Medic.

231 2626 243 2654 a
258 2625 288 2654 m.
301 2627 347 2657 uec.
362 2629 415 2659 curn
427 2614 478 2661 aliie
487 2617 567 2663 multis
578 2619 658 2664 licius.
674 2632 697 2664 er
708 2620 801 2676 Burm,
811 2623 867 2666 item
882 2620 952 2666 Goth.
964 2636 1010 2667 sec.
1021 2619 1096 2682 fiuqes
1107 2631 1153 2662 tec.
1168 2615 1280 2660 Rottend.

230 2698 283 2728 am.
296 2700 332 2745 pr.
344 2709 375 2720 -
389 2685 442 2748 357.
457 2698 541 2734 mentes
550 2691 617 2736 Rom.
627 2715 658 2726 -
670 2691 723 2737 358.
736 2691 875 2738 obtestamur
887 2691 948 2738 Gud.
962 2707 1014 2738 am.
1027 2707 1063 2753 pr.
1077 2703 1177 2753 ropemm
1189 2685 1280 2732 zulich.

228 2769 348 2815 precemur
363 2772 408 2802 uec.
428 2759 538 2806 Rottend.
550 2785 582 2796 —
592 2760 646 2822 359.
665 2765 782 2826 proprium
795 2763 833 2809 vel
845 2766 944 2826 patrium
962 2760 1051 2807 Zulich.
1069 2761 1192 2824 patrieque
1210 2773 1282 2820 quam

232 2884 393 2952 arrogantia.
402 2883 444 2935 Ad
453 2884 575 2949 eandem,
584 2887 736 2938 etobstina·
780 2887 882 2938 territat
895 2887 991 2950 armis,·
1010 2900 1136 2956 tanquam
1153 2883 1199 2953 qui
1215 2900 1279 2952 pro-

229 2973 287 3011 tum
305 2963 387 3014 Turni
408 2967 525 3016 animum
545 2967 632 3017 refero
652 2985 734 3019 mores
778 2979 864 3019 vocat.
883 2966 987 3018 Servius
1000 2966 1124 3017 observat
1135 2962 1188 3013 hoc
1200 2961 1279 3012 nimis

230 3040 353 3095 sinistros.
372 3045 404 3095 ob
425 3040 573 3115 auspicium
587 3068 598 3107 ,·
613 3047 733 3118 auspicia
778 3045 909 3097 tumidum
917 3063 988 3109 esse,
1000 3063 1066 3108 nec,
1078 3044 1129 3094 nisi
1141 3041 1279 3094 eDraneis

229 3134 255 3172 et
272 3119 367 3175 ductus
383 3125 456 3178 belli.
467 3126 569 3178 —35n
587 3127 730 3180 Consedisse
776 3141 892 3194 persona
905 3123 1020 3187 dictum,
1035 3121 1159 3194 gravitati
1174 3119 1282 3190 Virgilii

230 3199 319 3266 luctu,
332 3205 361 3253 in
374 3204 475 3256 luctum
493 3223 550 3256 esse
562 3205 729 3274 demersam,
774 3207 925 3256 convenire.
940 3206 973 3256 cf.
989 3203 1023 3256 ad
1035 3205 1075 3268 X,
1088 3201 1147 3268 548.

228 3291 258 3328 ut
274 3281 461 3333 beneServius
476 3283 532 3334 scil.
550 3293 580 3332 ut
595 3282 728 3352 rvrrfu'rut.
808 3283 868 3336 352.
890 3285 978 3336 Unum
998 3283 1087 3334 eliam.
1111 3281 1192 3332 etiam
1210 3279 1237 3331 h.
1258 3280 1276 3330 l.

229 3357 292 3426 Sap.
301 3359 359 3408 AEn.
369 3359 401 3422 ΙΙ,
415 3361 606 3426 654εοηείᾱενε
619 3363 647 3413 in
658 3363 729 3433 iqnes
772 3382 822 3434 pro
835 3363 922 3415 adhuc
938 3382 1013 3427 esse,
1031 3363 1136 3413 Servius
1149 3360 1206 3412 vult
1221 3380 1227 3408 :
1247 3370 1278 3410 ut

228 3433 327 3495 Ilium‚·
346 3438 409 3488 item
423 3439 481 3488 AEn.
497 3439 547 3503 IX,
571 3440 618 3505 145
632 3441 729 3490 moenia
772 3444 911 3495 Terentius
923 3445 1034 3515 passim·
1050 3441 1118 3508 dici,
1131 3439 1274 3506 destinari,

230 3514 314 3582 Trojae
333 3516 462 3566 considere
481 3517 510 3567 in
529 3517 607 3587 iquos.
629 3517 728 3570 Saltem
772 3526 900 3592 promitti,
911 3553 945 3561 -
955 3521 1015 3591 357.
1026 3520 1156 3589 Quodsi,
1172 3521 1276 3590 quomi-

228 3592 359 3644 censr'dere
369 3591 441 3644 luctu
447 3594 547 3646 dictum
553 3597 638 3647 eritnt
646 3596 728 3648 colla·
772 3619 822 3654 nus
834 3602 886 3653 hoc
904 3603 1002 3665 iacias,
1017 3601 1100 3652 Turni
1113 3611 1187 3650 metu
1199 3612 1276 3651 tene*

228 3670 272 3734 hi,
283 3671 438 3738 concidere,
446 3675 551 3741 jacere,
562 3675 726 3743 calamitate,
772 3682 859 3733 ris.--
867 3679 926 3747 359.
945 3679 1076 3731 invidiose
1091 3702 1096 3729 ι
1116 3681 1172 3749 reqi
1182 3677 1276 3730 Latino

230 3751 331 3804 dolore.
342 3753 426 3803 Nimis
436 3766 515 3806 tenue
530 3767 583 3822 est,
596 3756 670 3827 qnod
683 3757 728 3808 alii
770 3760 933 3831 patrieque,
943 3759 1045 3831 populo
1055 3760 1228 3822 Latinorum,
1241 3771 1277 3808 re·-

229 3830 343 3882 volnntr
360 3844 444 3884 totam
463 3835 557 3886 urbem
577 3836 668 3890 sedere
687 3835 728 3888 lu·
772 3839 861 3889 mittat
869 3841 911 3907 jur
920 3839 1077 3908 proprium,
1093 3855 1187 3902 snum,
1202 3837 1277 3906 quod

228 3923 341 3982 gentem.
351 3939 387 3950 -—
399 3911 459 3965 351.
470 3913 547 3985 fupoe
554 3913 657 3986 fideus,
673 3935 728 3968 res·
771 3919 881 3969 Latinus
893 3919 1034 3989 Latinique
1044 3920 1072 3968 in
1087 3918 1190 3988 regiam
1202 3916 1278 3986 puel-

228 3993 294 4061 picit
302 4009 359 4064 sup.
373 3993 419 4046 lib.
430 3993 524 4060 X,665
535 4013 591 4066 seq.
602 4007 627 4046 et
636 3995 728 4049 culum
772 3997 825 4048 lam
836 3996 951 4061 habent,
965 4009 995 4047 ut
1002 3998 1108 4067 possint
1118 4013 1178 4049 earn
1188 3997 1278 4046 matri·
