2736 4598
343 303 578 369 AENEIDOS
602 304 755 371 LIBER
776 309 840 376 XI.
1048 344 1105 388 211

68 428 201 494 Dixerat
213 427 298 509 baec,
312 451 448 519 unoque
460 450 575 494 omnes
587 429 704 495 eadem
716 454 773 498 ore
784 435 979 506 fremebant.

70 536 122 599 Bis
135 557 233 600 senos
245 535 402 624 pepigere
415 534 500 614 dies,
514 551 560 614 et,
574 545 655 622 pace
667 557 850 627 sequestra,

68 642 132 704 Per
142 639 240 704 silvas
252 639 388 718 Teucri,
401 640 560 728 mixtique
572 641 697 729 inpune
710 645 831 725 Latini,

70 741 229 808 Enavere
236 744 339 834 jugis:
354 745 442 808 ferro
455 762 549 808 sonat
560 746 624 810 icta
634 745 772 834 bipenni

67 851 243 930 Fraxinus3
256 867 409 914 evertunt
420 867 507 916 actas
518 850 560 914 ad
573 851 680 916 sidera
691 854 804 940 pinus;

68 956 202 1020 Robora
214 978 276 1046 nec
288 957 402 1022 cuneis
415 972 448 1021 et
460 956 604 1020 olentem
617 957 767 1024 scindere
779 960 930 1046 cedrum,

68 1062 138 1126 Nec
150 1061 304 1149 plaustris
316 1078 444 1127 cessant
455 1078 585 1126 vectare
598 1064 804 1150 gementibus
818 1090 927 1135 ornos.

112 1169 155 1230 Et
163 1167 233 1256 jam
245 1169 344 1230 Fama
354 1166 482 1246 volans,
496 1169 578 1232 tanti
589 1171 773 1256 praenuntia
785 1172 906 1256 luctus,

70 1271 275 1351 Evandrum,
289 1271 500 1362 Evandrique
513 1272 692 1369 domos,et
703 1279 824 1342 moenia
835 1282 982 1370 conplet,
1072 1305 1114 1362 ito

70 1379 152 1459 Quae
164 1375 267 1443 modo
279 1376 438 1443 victorem
451 1380 545 1445 Latio
557 1379 701 1445 Pallanta
712 1382 849 1449 ferebat.
900 1386 902 1392 ’
934 1387 937 1392 ’

68 1484 214 1551 Arcades
225 1484 267 1549 ad
279 1502 389 1573 portas
402 1509 513 1566 ruere,
527 1504 560 1551 et
572 1487 615 1552 de
626 1512 720 1554 more
731 1507 862 1557 vetusto

68 1593 236 1655 Funereas
248 1613 387 1678 rapuere
400 1592 487 1656 faces
499 1617 506 1655 ε
519 1592 608 1657 lucet
620 1593 671 1657 via
683 1594 784 1682 longo
906 1663 908 1668 ,

69 1694 197 1762 Ordine
209 1695 430 1776 flammarum,
444 1714 479 1762 et
488 1697 553 1762 late
566 1697 768 1764 discriminat
779 1723 885 1789 agros.

103 1892 156 1940 132.
176 1908 267 1956 unoque
286 1891 355 1939 Goth.
372 1909 408 1956 pr.
424 1909 463 1940 ore
472 1892 580 1957 serebant
594 1895 664 1941 Gotb.
680 1908 733 1942 tert.
745 1921 776 1930 -
791 1896 842 1953 134.
857 1897 937 1944 silvam
952 1901 1038 1952 Medic.
1054 1911 1119 1956 Lati.

69 1967 104 2010 nt's
116 1963 188 2009 Goth.
205 1979 241 2026 pr.
255 1989 287 1998 —
304 1961 353 2008 135.
367 1967 411 2009 icto
424 1965 505 2009 Heius.
520 1965 611 2009 ellom.
629 1977 653 2010 et
669 1964 759 2027 aliquot
774 1967 821 2011 suis
832 1970 943 2029 reposuit.
961 1972 1044 2036 Vulgg.
1060 1977 1120 2027 duce

69 2033 179 2082 Mediceo
192 2032 254 2089 olta‚·
266 2047 315 2079 tunt
326 2042 378 2078 acta
388 2033 477 2098 aliquot
488 2035 549 2079 Pier.
563 2033 652 2080 zulich.
665 2052 708 2097 pro
718 2051 765 2082 var.
773 2035 839 2093 lect,
850 2037 924 2085 male:
936 2056 1008 2102 quum
1019 2061 1072 2092 mox
1083 2065 1121 2096 se·

69 2117 175 2168 quatur:
186 2107 375 2167 actaspr'nus.-
387 2104 437 2150 136.
448 2113 595 2168 evertuntquc
608 2104 677 2150 Gotb.
691 2117 743 2150 tert.
757 2118 780 2152 et
791 2123 826 2168 pr.
840 2107 921 2152 Hamb.
934 2125 946 2154 a
959 2127 989 2154 ru.
1002 2128 1048 2160 sec.
1060 2117 1120 2166 ultus

69 2175 169 2224 Dorvill.
184 2189 207 2222 ct
219 2176 289 2220 Goth.
303 2188 356 2222 tert.
372 2179 427 2222 ictos
438 2192 474 2238 pr.
485 2176 570 2222 Moret.
579 2179 645 2238 pinos
655 2177 741 2222 Medic.
755 2194 790 2240 pr.
804 2177 869 2223 Voss.
884 2191 907 2224 et
918 2180 948 2225 al.
963 2184 1007 2230 vid.
1021 2187 1053 2244 X,
1067 2189 1119 2237 230.

69 2275 100 2286 -
115 2248 168 2312 137.
181 2247 274 2310 findere
290 2245 351 2292 Gud.
369 2264 426 2293 am.
443 2263 488 2294 sec.
503 2249 589 2294 caedere
605 2249 665 2295 Ven.
678 2265 786 2314 quercum
797 2267 833 2312 pr.
844 2251 928 2299 bloiet.
940 2279 972 2289 -
986 2257 1036 2304 138.
1052 2277 1122 2310 ornus

69 2323 147 2384 Sprot.
158 2345 190 2355 -
204 2319 254 2380 ¹39·
267 2315 329 2365 volut
342 2319 417 2381 Bigot.
434 2331 457 2365 et
469 2318 540 2365 Goth.
553 2331 606 2366 tert.
618 2346 648 2356 -
662 2320 712 2377 1411.
725 2322 803 2367 domus
818 2323 906 2369 Probus
917 2327 941 2370 in
954 2327 1122 2392 Grammatico,

71 2394 139 2438 etsie
152 2386 213 2437 alter
224 2390 307 2436 llamb.
318 2391 378 2436 Tum
390 2389 462 2454 replet
475 2392 542 2436 Rom.
553 2404 576 2438 et
590 2390 676 2455 reliqui
688 2394 749 2439 Pier.
762 2394 847 2440 Medic.
861 2412 873 2441 a
887 2413 917 2442 tn.
930 2415 966 2461 pr.
980 2412 1003 2448 et
1013 2401 1122 2469 plerique

70 2461 152 2508 Heins.
162 2478 215 2506 cum
223 2461 285 2506 binis
296 2461 365 2508 Goth.
378 2461 425 2506 urs.
436 2473 459 2508 et
468 2473 524 2510 vett.
535 2463 588 2510 edd.
599 2465 685 2510 Firmat
697 2482 792 2530 quoqne
806 2467 926 2524 Heinsius;
937 2470 1033 2535 reliquit
1045 2487 1123 2524 tamen

70 2529 185 2596 alterum,
197 2529 306 2594 corrpiet,
318 2531 383 2594 quod
399 2529 483 2594 legitur
495 2531 550 2577 inde
563 2532 592 2578 ab
604 2533 657 2578 Ald.
670 2551 705 2596 pr.
718 2536 830 2598 quodque
843 2539 893 2598 ipse
904 2539 1033 2599 praeferam.
1046 2545 1122 2607 Repo·

71 2605 117 2649 tuit
129 2618 226 2665 quoque
244 2617 306 2647 nunc
323 2601 417 2648 Wakef.
427 2628 459 2638 -
471 2602 521 2662 141.
543 2604 600 2663 Quoe
615 2621 661 2652 non
673 2607 710 2652 ed.
723 2624 759 2669 pr.
774 2609 899 2675 Burmann.
910 2634 942 2643 —
955 2609 1005 2666 141.
1018 2615 1122 2664 Arcadas

72 2672 149 2735 bigot.
166 2685 190 2720 et
202 2673 274 2735 apud.
285 2675 364 2730 Seru,
376 2673 418 2720 sed
430 2677 520 2722 vitiose.
530 2676 632 2722 Arcades
644 2687 666 2723 et
674 2693 720 2724 sec.
732 2680 815 2724 Moret.
829 2679 860 2725 od
866 2689 956 2743 portam
966 2683 1007 2727 Ed.
1018 2701 1054 2746 pr.
1064 2688 1123 2734 Bur-

73 2757 152 2788 mann.
171 2751 196 2787 at
212 2745 283 2805 portis
299 2757 364 2787 ruere
375 2742 444 2789 multi
463 2760 499 2806 ap.
518 2747 582 2791 Serv.
588 2781 595 2802 ,
609 2761 658 2791 non
674 2745 748 2793 male:
761 2750 804 2794 etsi
817 2748 899 2794 eodem
915 2749 989 2805 redit,
1001 2767 1043 2798 seu
1054 2757 1122 2802 turba

71 2815 145 2872 portis
159 2824 212 2858 ruat
227 2815 253 2858 in
270 2827 375 2876 campos,
393 2829 435 2862 seu
453 2815 483 2860 ad
493 2827 584 2877 portat,
596 2829 622 2862 ut
636 2828 710 2863 exeat.
724 2843 756 2853 -
770 2817 819 2874 144.
831 2819 971 2864 dasteminat
981 2837 1022 2884 qu.
1034 2824 1120 2872 Morct.

74 2987 128 3026 tras
148 2972 302 3046 adjungere.
319 3003 353 3014 -
374 2975 430 3028 133.
449 2994 516 3047 pace
537 2996 578 3030 se-
622 2977 770 3030 odoratam.
790 2979 830 3030 De
848 2978 900 3030 hac
918 2979 1072 3031 Graeoorum
1094 2997 1121 3034 et

73 3063 179 3127 questro
193 3053 220 3105 b.
235 3054 404 3106 induciarum
416 3054 468 3108 fide
478 3069 505 3107 et
515 3075 579 3108 aun-
621 3056 776 3108 Latinorum
789 3057 887 3123 cedro,
900 3077 958 3129 quse
972 3077 1004 3110 ex
1014 3061 1122 3132 junipe-

74 3136 193 3186 toritate.
207 3133 359 3205 Sequester,
377 3151 424 3185 seu
437 3134 541 3185 medius
552 3148 579 3186 et
623 3153 713 3187 ronam
736 3153 833 3207 genere
857 3148 914 3202 est,
935 3139 1005 3206 satis¹
1021 3137 1123 3192 dietum

75 3215 177 3266 arbiter
191 3213 322 3265 interduo
336 3213 486 3286 litigantes,
499 3213 578 3267 fidem
625 3234 682 3288 sup.
696 3215 730 3266 ad
741 3215 787 3266 lib.
798 3217 859 3280 Vll,
873 3215 917 3281 13,
928 3227 954 3266 et
961 3215 1007 3267 Ge.
1018 3219 1051 3282 11,
1060 3219 1121 3288 443.

74 3295 142 3348 facit
157 3295 213 3363 ejus
223 3331 232 3359 ,
242 3292 276 3345 de
289 3307 342 3365 quo
352 3297 524 3363 convenitur,
537 3295 579 3348 vel
664 3293 720 3361 141.
735 3294 792 3361 143.
806 3293 901 3345 Sumtis
912 3293 1016 3347 facibus
1030 3297 1125 3351 arden·

75 3377 134 3444 ejus
156 3373 267 3425 arbitrio
289 3375 480 3441 constituitur,
503 3393 579 3446 pax,
624 3373 695 3425 tibus
723 3372 857 3445 prodeunt
880 3373 986 3447 obviarn
1010 3375 1124 3430 Pallanti

75 3454 182 3526 pactio,
191 3465 262 3503 tutos
272 3452 449 3523 praestabeth.
463 3453 480 3504 1Ι
493 3467 520 3506 et
529 3454 579 3506 La·
622 3451 749 3504 Arcades.
758 3454 807 3504 Vix
816 3454 886 3505 ferat
894 3452 992 3524 aliquis
1004 3454 1087 3510 Servii
1097 3471 1123 3510 et

77 3536 199 3597 tinos,et
209 3531 349 3602 Trojanos,
358 3545 387 3583 ut
394 3534 516 3603 permixti
525 3533 580 3586 dis·
623 3532 736 3586 aliorum
745 3550 837 3604 nugas.
856 3533 947 3584 Refert
962 3531 990 3584 h.
1007 3534 1025 3588 1.
1042 3531 1123 3607 poeta

77 3624 222 3666 currerent.
245 3613 391 3664 Numerum
409 3614 457 3664 Xll
475 3612 579 3666 diemrn
623 3613 758 3684 ingeniose
783 3610 818 3663 ad
845 3624 961 3664 veterem
989 3615 1123 3668 Arcadum

78 3693 112 3746 ab
126 3693 244 3744 Homero
259 3692 370 3764 arripuit
388 3691 510 3757 Iliada,
529 3711 579 3744 neo
623 3710 745 3756 morem,
767 3691 840 3762 qnod
864 3692 988 3744 Romanis
1014 3694 1127 3766 solenne

78 3769 152 3826 aliud
174 3769 241 3842 quid
263 3770 443 3842 querendum.
465 3801 500 3812 -
522 3771 578 3839 134.
625 3783 739 3838 erat,ut
753 3770 857 3822 facibus
870 3782 896 3822 et
908 3772 991 3823 cereis
1004 3777 1123 3826 accensis

78 3849 229 3913 rostrae·
241 3849 347 3915 itidem,
360 3849 578 3920 1111111111.1,419,
623 3868 752 3922 pompam
764 3849 904 3903 funebrem
917 3849 952 3902 ad
969 3869 1061 3923 rogum
1074 3853 1123 3904 du·

79 3932 174 3984 -135
191 3949 251 4002 sqq.
271 3927 372 3983 Similia
391 3948 448 4000 sup.
469 3921 580 3998 lihjvt,
625 3942 723 3982 oereut.
734 3929 852 3983 Omnino
861 3943 994 3984 nocturno
1004 3943 1124 4001 tempore

84 4012 138 4064 180.
150 4029 207 4083 seq.
218 4040 253 4052 ·-
266 4010 323 4081 137.
336 4007 450 4064 olentem
460 4011 580 4077 cedrum,
626 4010 750 4081 exequias
770 4012 860 4064 facere
880 4027 938 4063 mos
956 4022 1012 4063 erat
1027 4032 1033 4060 :
1052 4007 1126 4080 quod

908 4101 946 4166 14.
