2690 4598
204 326 224 403 r
453 317 488 381 r.
510 305 994 378 vmornrrulnonrs

204 442 307 521 Dixit,
322 439 400 505 etin
412 441 529 504 caelum
541 436 674 526 paribus
687 437 721 500 se
733 435 863 499 sustulit
874 435 948 515 alis;

205 550 445 635 ingentemque
457 547 535 632 fuga
546 543 650 608 secuit
661 541 722 605 sub
735 540 878 604 nubibus
889 560 1012 604 arcum.

204 653 370 740 Adgnovit
377 652 522 740 juvenis,
537 648 743 735 duplicisque
755 645 797 710 ad
809 645 916 710 sidera
928 646 1051 732 palmas

205 759 355 834 Sustulit,
370 773 402 820 et
414 756 469 820 tali
482 754 663 841 fugientem
676 768 724 816 est
735 773 817 815 voce
828 765 978 815 secutus:

208 865 292 942 «Iri,
306 863 407 927 decus
420 861 504 938 caeli,
518 860 591 948 quis
603 875 636 922 te
648 857 730 920 mihi
741 855 884 920 nuhihus
895 871 1001 920 actam

205 969 331 1034 Detulit
344 969 377 1030 in
390 967 509 1030 terras?
521 962 609 1028 unde
621 962 692 1026 haec
704 975 771 1025 tarn
783 961 867 1025 clera
880 975 1016 1048 repente

204 1071 418 1160 Tempestas?
428 1067 576 1133 medium
588 1065 686 1130 video
699 1063 868 1130 discedere
880 1064 1010 1142 caelum,

203 1178 413 1270 Palantisque
425 1173 503 1262 polo
516 1172 641 1237 stellas:
655 1193 777 1258 sequor
789 1170 898 1234 omine
910 1184 1012 1246 tanta,

204 1282 360 1370 Quisquis
373 1282 407 1344 in
419 1301 508 1342 arma
520 1300 627 1341 vocas.
643 1305 655 1334 n
672 1278 713 1339 Et
725 1276 771 1340 sic
783 1275 917 1352 effatus,
930 1271 973 1337 ad
984 1270 1108 1337 undam

204 1386 381 1464 Processit,
395 1405 592 1470 summoque
604 1380 713 1446 hausit
725 1378 767 1445 de
780 1380 907 1467 gurgite
918 1377 1081 1467 lymphae,

204 1492 312 1558 Multa
324 1488 404 1554 deos
418 1510 529 1568 osane,
543 1487 757 1574 oneravitque
769 1485 890 1549 aethera
901 1485 995 1548 votis.

205 1677 268 1736 conj.
280 1671 435 1734 Cuninglram.
444 1687 466 1716 v.
480 1669 514 1726 14.
528 1672 562 1716 15.
571 1673 620 1732 jttm
629 1686 681 1733 sup.
695 1669 721 1716 hi
730 1685 809 1716 versus
818 1669 859 1714 lib.
871 1670 901 1724 V,
913 1667 966 1730 657.
976 1667 1028 1713 658.
1040 1693 1072 1702 -
1086 1666 1120 1722 td.
1130 1671 1219 1730 pariter
1226 1682 1253 1711 se

206 1746 365 1808 aliquotPier.
378 1768 409 1780 -
423 1743 458 1788 16.
472 1744 610 1806 ignotumj„
622 1755 648 1788 ut
655 1742 685 1788 ad
694 1757 773 1788 arcum
781 1752 882 1803 spectet,
900 1738 968 1784 Goth.
985 1750 1050 1794 tert,
1062 1755 1194 1801 perperam.
1207 1755 1253 1805 que

206 1828 259 1879 post
268 1812 363 1876 duplicis
379 1813 444 1858 ahest
453 1813 478 1856 in
487 1811 578 1874 aliquot
586 1813 647 1857 Pier.
659 1837 689 1846 -
705 1827 739 1874 ¹7·
749 1827 776 1856 ac
786 1810 825 1856 alii
834 1827 878 1874 pro
887 1819 924 1865 et,
936 1809 1000 1872 quod
1009 1810 1087 1855 lleins.
1097 1810 1209 1871 praetulit.
1220 1837 1253 1846 -

209 1885 245 1932 18.
255 1894 332 1948 aptam
338 1883 435 1930 Dorvill.
446 1881 533 1928 hostum
544 1882 614 1928 Goth.
627 1899 663 1944 pr.
675 1909 707 1918 -
722 1897 756 1944 19.
766 1883 825 1928 unde
834 1881 881 1927 luec
891 1881 930 1927 tibi
937 1879 1049 1926 Montalh.
1062 1905 1093 1916 -
1106 1895 1142 1926 ao.
1153 1883 1254 1927 medium

173 1988 176 1993 -
206 1955 269 2002 video
278 1966 331 2016 post
341 1954 444 1999 Pieriuns
456 1953 563 2014 probavit
575 1953 654 1998 Heins.
673 1969 685 1998 e
702 1952 784 2008 codd.;
796 1952 896 2014 vulgaris
905 1951 964 1998 ordo
974 1967 980 1996 t
992 1951 1054 1996 vdeo
1070 1951 1174 1996 medium.
1190 1953 1254 1997 ‘l’um

206 2026 332 2080 discedere,
344 2024 408 2087 quod
418 2026 539 2086 proprium
549 2025 573 2067 in
583 2022 627 2068 hac
637 2040 662 2069 re
672 2023 769 2069 verbum
779 2034 826 2078 est,
840 2035 863 2069 et
875 2021 1010 2069 defenditur
1019 2037 1031 2066 a
1040 2023 1126 2068 Seneca
1138 2023 1183 2067 Vll
1199 2023 1253 2067 Nat.

208 2099 254 2157 Qu.
267 2113 303 2143 πο.
313 2095 380 2141 ldem
391 2096 452 2140 Pier.
465 2111 518 2140 cum
528 2095 569 2140 Ge.
580 2095 687 2140 Fabricio
699 2097 771 2140 tuitus
784 2107 832 2142 eret
843 2107 897 2140 ante
909 2096 1001 2148 Heme,
1019 2095 1060 2155 qui
1072 2096 1097 2138 in
1108 2093 1218 2139 Mediceo
1230 2106 1257 2140 et

208 2168 259 2214 aliis
273 2166 410 2213 melioribus
420 2168 518 2212 invenit.
530 2165 576 2210 Alii
587 2166 722 2221 ducindere,
740 2169 816 2228 Spsot.
829 2164 948 2211 delu'scere.
959 2165 1064 2210 Laudant
1071 2164 1138 2210 Iliad.
1150 2163 1184 2220 θ,
1199 2167 1255 2224 554.

207 2253 240 2290 π,
255 2236 312 2290 300,
324 2234 365 2278 ubi
375 2234 404 2278 de
415 2232 485 2295 longo
494 2246 620 2295 prospectu
635 2235 686 2280 caeli
701 2238 790 2291 sereni,
810 2251 857 2298 quo
871 2234 942 2282 stcllae
953 2237 1021 2280 etiam
1032 2236 1154 2280 interiores
1166 2236 1255 2282 obtutu

208 2305 355 2369 deprehendi
372 2303 491 2350 videntur.
503 2329 534 2340 -
547 2319 583 2348 ar.
597 2303 728 2370 Pallentt'sq.
745 2306 835 2369 aliquot
846 2308 925 2354 Heius.
937 2319 960 2351 et
976 2307 1024 2351 duo
1037 2307 1106 2352 Goth.
1117 2305 1254 2372 pollentesq.

212 2378 261 2424 duo
272 2380 351 2424 Burin.
360 2391 491 2438 perperam.
508 2393 529 2421 v.
545 2377 599 2420 Not.
616 2377 703 2440 Sequor
716 2378 870 2440 prtetulerunt
885 2378 998 2423 librorum
1010 2393 1103 2440 quoque
1113 2381 1256 2426 auctoritate

168 2455 172 2466 ’
210 2450 273 2494 Picr.
285 2459 308 2492 et
317 2447 396 2490 Heius.
407 2443 476 2490 Multi
488 2459 577 2507 sequar.
589 2471 620 2481 -
632 2462 669 2491 22.
679 2457 745 2494 vocat
752 2448 842 2510 aliquot
851 2450 910 2493 l‘ier.
922 2449 992 2493 Etsic
1001 2447 1092 2510 effatus.
1111 2449 1218 2509 Languet
1226 2445 1256 2494 τὸ

210 2527 245 2572 et,·
257 2514 317 2562 nihil
332 2529 410 2560 tamen
420 2531 433 2559 e
443 2515 507 2562 libris
517 2527 621 2561 notatum
631 2517 708 2563 video.
720 2543 751 2554 --
764 2518 800 2563 23.
813 2519 931 2564 Processit
945 2518 1010 2564 leid.
1021 2516 1123 2581 nimphas
1131 2517 1231 2564 Dorvill.
1243 2535 1258 2563 a

211 2605 243 2634 m.
256 2603 302 2634 see.
316 2612 348 2622 -
360 2585 396 2641 24.
407 2602 451 2649 que
459 2599 513 2650 post
527 2591 628 2634 oneravit
642 2590 667 2634 in
682 2589 801 2652 plerisque
811 2589 923 2636 Pierisnit
935 2601 958 2634 et
969 2592 993 2634 in
1005 2589 1074 2650 Giph.
1084 2588 1154 2634 codd.
1165 2589 1256 2635 aberat.

212 2657 242 2703 cl.
260 2656 290 2701 ad
298 2657 328 2712 V,
344 2654 393 2716 167.
411 2657 435 2700 Si
450 2667 524 2701 totum
540 2656 713 2704 hemistichium
729 2659 830 2717 obesset,
842 2675 923 2716 nemo,
935 2659 1047 2716 arbitror,
1059 2659 1212 2706 desideraret.

210 2810 246 2860 lll
263 2827 304 2879 pr.
330 2805 365 2858 ad
383 2806 429 2858 lib.
449 2809 549 2860 Vll.-—
565 2809 603 2862 15.
627 2811 709 2862 secuit
757 2812 830 2882 quod
848 2812 998 2883 disruptum
1019 2823 1058 2863 est
1080 2809 1154 2880 (hoe
1173 2810 1257 2863 disce-

212 2907 302 2940 ercum
314 2905 378 2958 pro,
390 2890 488 2940 meavit
499 2908 548 2959 per
560 2909 651 2940 arcum
660 2910 708 2942 cae·
757 2891 816 2942 dere
823 2890 905 2956 dixit,
916 2911 982 2944 voce
992 2893 1018 2942 in
1028 2890 1079 2941 hac.
1091 2907 1119 2941 re
1129 2891 1257 2960 propria,

211 2966 246 3032 li,
266 2967 392 3030 incessit,
412 2979 540 3038 tanquam
560 2970 622 3034 lris,
644 2988 709 3021 arcu
756 2989 806 3041 pro
817 2970 969 3036 dehiscere,
981 2971 1083 3022 hiatum
1095 2971 1205 3028 iacerel'
1215 2983 1259 3036 et,

211 3047 709 3118 facto,‚protramite.Ductaloquendi
760 3048 833 3120 quod
846 3049 911 3101 elias
929 3053 957 3100 in
975 3049 1080 3120 fulgure
1096 3048 1153 3100 fieri
1173 3050 1258 3114 solet,

213 3127 301 3176 forma
321 3145 337 3177 a
352 3124 633 3196 navigatione,rriptvtts
647 3127 710 3190 dte,
760 3129 869 3182 chasma
900 3131 975 3192 fecit3
1007 3131 1129 3200 apposita
1158 3143 1260 3182 vocant

213 3221 297 3255 secare
311 3221 397 3268 mare,
414 3205 488 3256 sulco
505 3207 578 3257 facto
589 3209 617 3258 in
630 3207 712 3258 flucti-
760 3207 938 3260 Grammatici.
949 3208 976 3260 si
985 3211 1074 3278 itaque
1086 3209 1172 3278 ruptis
1181 3209 1261 3259 nubi·

213 3281 348 3344 hus,hinc
357 3292 529 3347 terram,tum
538 3287 621 3356 ipsam
631 3287 709 3337 viam.
759 3287 809 3338 hus
828 3289 856 3339 in
877 3290 1004 3340 interiora
1019 3290 1146 3358 perrexit,
1167 3287 1260 3340 stellas

214 3357 318 3412 Servius
328 3358 430 3422 reddit;
446 3383 456 3408 u
468 3382 558 3414 arcum
567 3366 631 3416 fecit
638 3378 710 3418 secto
760 3387 900 3439 apparere,
906 3369 1021 3420 nubibus
1030 3370 1260 3436 remotis,necesse

214 3439 293 3502 caelo,
309 3439 403 3490 duriti
417 3442 508 3511 paullo
525 3445 608 3497 aliter.
626 3449 661 3498 cf.
677 3445 712 3497 ed
759 3449 819 3498 suit.
835 3447 880 3498 Est
894 3461 981 3500 autem
999 3451 1021 3499 is
1040 3447 1134 3499 modus
1151 3467 1205 3519 quo
1223 3447 1264 3502 dii

214 3517 246 3583 V,
264 3517 324 3570 658.
344 3519 441 3570 Versus
459 3522 489 3572 18
505 3524 589 3576 verba
607 3538 669 3577 sunt
680 3543 712 3578 ex
760 3530 788 3579 in
799 3527 891 3578 caelum
903 3527 979 3580 evehi
994 3539 1153 3578 narrantur:
1169 3528 1196 3576 vi
1210 3543 1260 3578 sua

214 3596 290 3647 Iliad.
301 3618 328 3658 a,
345 3597 401 3648 182.
761 3605 852 3656 divine
863 3606 989 3657 attollunt
998 3623 1025 3657 se
1038 3608 1065 3657 in
1081 3605 1167 3656 nubes
1176 3617 1203 3656 et
1215 3604 1259 3655 ul-

251 3694 293 3728 21.
313 3677 375 3726 Non
391 3695 491 3728 novum
505 3693 544 3731 est
560 3694 710 3734 ostentum:
760 3687 842 3737 terius
853 3688 881 3736 in
892 3685 985 3736 caelum
993 3687 1160 3756 perveniunt.
1174 3687 1261 3736 lnter-

213 3753 334 3826 palantes
343 3754 405 3824 polo
417 3755 502 3810 stellas
517 3760 607 3813 videre
623 3761 711 3813 medio
761 3764 1013 3816 dummemorsntur
1023 3764 1083 3825 alee3
1095 3766 1122 3814 in
1131 3763 1203 3814 lride
1214 3779 1262 3814 au-

216 3835 271 3900 die;
289 3847 316 3886 et
331 3848 370 3886 est
384 3835 411 3886 h.
429 3837 446 3887 l.
460 3838 574 3890 interdiu
593 3840 712 3893 oblatum
761 3856 814 3895 tem
825 3857 940 3896 novatur
951 3863 993 3896 res
1003 3863 1051 3914 per
1064 3861 1159 3895 arcunt-
1167 3841 1260 3893 creles-

216 3913 484 3984 auspicium;(omina
493 3927 564 3968 tanta
573 3920 629 3989 ipse
637 3919 712 3992 dixit)
761 3936 828 3985 tem3
841 3924 982 3994 persolees
990 3941 1135 3994 nusquam,
1146 3922 1199 3970 nisi
1212 3939 1261 3990 per

215 4011 288 4044 nunc
307 4005 395 4046 tamen
416 4009 512 4050 ornant
528 3996 585 4050 haec
604 4000 712 4067 celum,
761 3998 1261 4070 solessalatas.-sa-2l.quodre-
