2724 4600
331 313 584 383 vraisurnos
607 311 822 384 nrannx.
1044 317 1102 386 153

65 433 180 505 Gnatis
192 461 292 527 parce
303 441 380 505 tuis.
393 439 475 502 belli
486 441 682 504 commercia
693 444 826 506 Turnus

65 543 202 609 Sustulit
214 545 274 608 ista
287 544 378 631 prior
385 543 453 633 jam
466 544 692 608 tum·Pallante
703 562 862 632 peremto.

65 652 138 714 Hoc
151 651 253 737 patris
265 649 415 713 Anchisae
427 652 556 728 Manes,
569 649 633 715 hac
645 651 743 716 sentit
755 652 856 718 Iulus.
869 679 882 710 u

65 755 116 818 Sic
129 755 216 818 fatus
230 754 355 841 galeam
368 754 448 818 laeva
460 770 564 834 tenet,
577 772 675 843 atque
688 756 807 820 reilexa

66 863 201 928 Cervice
215 864 336 926 orantis
349 861 466 950 capulo
478 879 573 927 tenus
585 860 726 950 adplicat
738 885 860 928 ensem.

65 970 133 1031 Nec
146 969 264 1056 procul
278 967 502 1046 Haemonides,
516 965 631 1032 Phoebi
643 969 829 1058 Triviaeque
842 968 1023 1059 sacerdasp

66 1074 174 1137 Infnla
187 1074 242 1138 cui
254 1095 342 1137 sacra
356 1072 531 1137 redimibat
543 1090 691 1161 tempora
702 1075 796 1154 vitta,

66 1181 172 1243 Totus
185 1179 363 1244 conlucens
375 1196 480 1258 veste,
493 1195 592 1268 atque
604 1179 785 1266 insignibus
797 1181 895 1244 armis
907 1203 913 1242 :

67 1286 174 1367 Quem
187 1306 381 1371 congressus
393 1285 459 1372 agit
471 1307 602 1372 campo,
616 1286 810 1374 lapsumque
823 1304 1010 1374 superstans
1063 1301 1106 1358 sto

66 1390 221 1469 Inmolat,
236 1389 427 1478 ingentique
440 1389 556 1454 umbra
568 1391 663 1478 tegin
675 1373 765 1454 arma
777 1384 926 1456 Serestus

67 1583 119 1612 cum
133 1565 191 1611 Cod.
206 1565 319 1611 'l'buaneo
333 1529 396 1627 apud
411 1566 514 1612 Macrob.
528 1569 558 1622 V,
575 1583 609 1612 ιο.
625 1566 654 1612 cl.
670 1582 720 1630 sup.
737 1567 767 1612 ad
783 1567 826 1624 lx,
841 1568 893 1614 265.
910 1567 1008 1613 -532
1031 1569 1107 1613 Gratis
1149 1539 1152 1544 ·

68 1639 125 1684 alter
138 1639 232 1699 Menag.
249 1637 373 1683 Recordari
389 1641 461 1699 possis
475 1641 624 1684 Ennianum:
642 1655 687 1684 non
704 1649 854 1702 cauponantes
872 1637 954 1685 bellum
967 1640 1007 1684 sad
1020 1639 1109 1703 belliqu-

5 1703 7 1726 '
67 1718 149 1754 rantes.
169 1710 198 1752 At
211 1706 272 1752 illud
287 1707 367 1769 paullo
381 1708 449 1754 aliter
465 1709 634 1764 dictumesse,
651 1712 704 1754 satis
722 1721 828 1756 constat:
841 1709 939 1758 subdole
952 1725 1069 1772 pugnare,
1083 1720 1109 1754 ut

68 1771 203 1825 mantelius
219 1777 283 1840 apud
297 1777 394 1842 AEschyl.
411 1778 462 1842 547.
476 1805 508 1833 ,-
522 1780 574 1826 533.
589 1779 628 1824 itu
641 1797 664 1842 p.
675 1781 761 1825 Medic.
775 1805 807 1815 -
819 1779 872 1836 534.
887 1781 937 1824 Hoc
949 1783 1110 1842 panis-manes

68 1849 107 1896 boc
122 1854 196 1911 ipsum
209 1863 228 1893 s.
244 1847 288 1893 lut.
303 1864 346 1910 pro
363 1865 411 1895 var.
429 1849 484 1895 lect.
504 1850 562 1896 eod.
581 1850 666 1896 Koeler.
684 1853 712 1894 ln
729 1855 796 1896 sentit
813 1849 877 1896 nulla
894 1851 999 1895 varietas.
1012 1873 1043 1884 -
1057 1847 1110 1895 536.

66 1919 165 1983 applicat
179 1921 245 1964 Rom.
261 1930 285 1965 et
298 1919 383 1964 Medic.
389 1953 397 1975 ‚
407 1935 534 1982 omnesque
544 1922 688 1966 vetustiores.
703 1919 787 1981 Vulgg.
801 1919 897 1973 abdidit,
909 1918 973 1980 quod
982 1933 1033 1978 sup.
1046 1915 1110 1978 lege·

66 1990 135 2036 batur
149 1992 174 2034 in
187 1988 257 2035 simili
267 2005 335 2035 versu
350 1990 393 2036 553
407 1989 448 2034 lib.
463 1991 490 2034 ll.
507 1991 601 2035 Variare
616 2001 693 2034 autem
706 2001 774 2051 poeta
789 1987 848 2034 solet
865 1985 902 2033 vel
917 1987 1001 2031 verbo:
1017 2003 1040 2030 v.
1055 2001 1107 2046 sup.

67 2061 155 2116 ale‚
173 2059 228 2115 814.
247 2084 279 2094 -
297 2060 349 2122 537.
370 2061 674 2115 annumerantibus,
692 2062 727 2104 uti
745 2059 802 2105 libb.
823 2073 891 2120 pars:
905 2060 961 2102 item
976 2056 1109 2111 Emonides,

67 2131 195 2176 Smenides.
204 2155 236 2176 -ψ
246 2130 297 2177 538.
308 2134 346 2176 cai
358 2145 422 2177 sacra
437 2133 502 2177 Rom.
518 2130 662 2186 redimibant,
672 2129 804 2185 redimebat,
814 2127 954 2174 redundabat
962 2139 1062 2172 erratum
1073 2137 1110 2188 ap:

67 2203 144 2246 Burni.
157 2199 304 2246 redimeibant
313 2200 352 2246 alii
366 2217 403 2263 ap.
418 2202 478 2246 Pier.
492 2227 524 2236 -
538 2201 590 2262 539.
606 2199 726 2264 imiqnibas
740 2199 803 2244 aluis.
818 2201 854 2244 Sic
868 2196 932 2260 apud
944 2199 1007 2242 Serv.
1022 2194 1111 2240 Probus

68 2269 195 2332 legendum
202 2269 306 2314 dicebat:
317 2289 327 2310 ι
336 2282 363 2314 ut
370 2271 434 2316 albas
442 2283 514 2332 restes
524 2271 676 2332 accipiamus,
684 2285 735 2333 quae
742 2267 899 2314 sacerdotibus
911 2265 1018 2327 congruae
1027 2275 1088 2310 sunt.
1098 2284 1109 2305 ι

68 2343 115 2387 Nec
130 2353 209 2386 umen
224 2341 304 2396 video,
319 2342 437 2403 quomodo
451 2345 545 2406 inquio
560 2342 589 2387 de
603 2354 666 2388 veste
680 2344 769 2403 possint
783 2342 864 2402 accipi.
879 2340 927 2384 Nisi
943 2338 1003 2383 sorte
1021 2335 1110 2392 voluit,

5 2473 6 2476 Ἰ
69 2423 131 2458 certe
151 2411 246 2466 debuit,
266 2414 358 2475 iruipnia
378 2411 442 2467 albo,
458 2413 488 2458 de
498 2411 571 2458 infula
587 2423 610 2457 et
623 2414 686 2459 vittis
700 2411 813 2473 intelligi,
828 2422 850 2455 et
863 2417 922 2454 veste
936 2406 987 2453 olba
1000 2406 1056 2452 inde
1071 2422 1111 2452 er·

68 2483 137 2546 pleri.
152 2483 186 2527 lta
201 2481 320 2528 blanditur
330 2483 415 2529 lectio:
426 2487 494 2530 etiam
504 2487 559 2548 quia
573 2482 654 2545 paullo
667 2496 719 2546 post
728 2501 749 2530 r.
761 2485 805 2529 550
814 2479 982 2545 insumentibas
991 2481 1060 2524 amris
1073 2479 1111 2523 iti·

68 2553 120 2599 dem
130 2555 186 2600 exit.
200 2552 306 2598 Tueatur
320 2565 396 2600 tamen
409 2554 479 2600 codd.
494 2553 520 2602 ni
535 2554 656 2618 iniquibus
670 2557 739 2600 armis
754 2566 776 2600 et
790 2565 855 2600 vetus
865 2552 1031 2596 Grammaticus
1039 2550 1112 2610 Asper

69 2623 131 2686 apud
145 2625 265 2678 Servium3
281 2636 303 2669 et
317 2639 381 2669 arma
395 2624 452 2670 lecta
468 2643 490 2671 v.
508 2623 569 2682 541,
586 2641 629 2671 nec
647 2638 709 2672 extat
721 2624 778 2671 albis
792 2625 837 2670 nisi
849 2639 893 2685 pro
907 2639 954 2669 rar.
969 2621 1023 2666 lect.
1038 2621 1063 2664 in
1076 2635 1112 2681 pr.

68 2695 150 2739 Hamb.
164 2693 216 2740 Ald.
233 2711 267 2756 pr.
283 2707 306 2740 et
319 2697 375 2742 inde
385 2697 503 2758 profectis.
513 2698 572 2742 Nam
581 2699 680 2760 Nauger.
691 2700 761 2743 armis
771 2697 883 2758 reposuit.
893 2718 923 2729 -
934 2691 985 2748 550.
995 2704 1114 2753 conpressu

71 2766 106 2811 cd.
115 2765 215 2812 Medici:
227 2765 304 2812 aited.
316 2783 353 2828 pr.
367 2770 444 2814 Burin.
452 2783 556 2832 campum
570 2769 644 2831 ejusd.
659 2771 713 2814 Exc.
725 2769 809 2814 lassum
820 2784 855 2829 pr.
870 2765 952 2810 Hamb.
964 2761 1028 2824 lapsa
1037 2763 1113 2805 Lutat.

70 2836 99 2881 ad
117 2839 175 2882 Stat.
194 2837 238 2880 Vll
256 2837 329 2884 Theb.
347 2854 400 2901 7¹⁰·
417 2865 449 2875 -
466 2839 517 2896 541.
533 2841 635 2886 Cerestin
649 2841 739 2906 aliquot
753 2839 821 2895 edd,
836 2841 905 2884 etiam
919 2837 997 2882 Heius.
1012 2834 1114 2896 Seqestus
1143 2851 1146 2858 ·

71 2990 230 3056 suaornavit
242 2988 380 3042 Claudiam
395 2991 429 3044 de
441 2993 469 3042 B.
482 2992 565 3044 Getic.
613 2992 684 3043 uides
704 3021 739 3032 -
762 2993 845 3060 Quem
873 3001 1018 3058 conpressus
1040 2979 1110 3052 apin

71 3067 233 3132 &nl-615.
372 3104 375 3112 .
612 3089 687 3122 more
710 3070 784 3121 haud
807 3067 930 3129 insolito,
952 3073 1111 3114 structuram

104 3145 566 3213 532.533.ornavitr10mericat.c.
613 3152 738 3212 mutavit;
752 3168 832 3220 quum
845 3165 901 3201 esse
912 3145 1039 3197 deberet:
1054 3142 1110 3192 Nec

68 3223 145 3276 Iliad.
165 3243 203 3291 q,
224 3244 259 3295 99
281 3245 356 3298 sqq..
375 3231 441 3281 etin
457 3248 481 3280 v.
503 3227 569 3296 534,
613 3231 709 3301 procul
727 3227 908 3280 Haemonidem
928 3223 991 3295 opit.
1004 3251 1039 3261 —
1051 3221 1110 3286 541.

70 3301 120 3354 535
135 3303 200 3354 ibid.
216 3305 264 3356 115
277 3324 334 3376 sqq.
349 3325 407 3378 quae
420 3310 569 3372 conferant,
615 3308 768 3381 inpenn'que
788 3307 879 3357 umbra
899 3303 964 3374 tepit
978 3320 1015 3352 se.
1033 3319 1113 3371 super

71 3399 185 3450 quorum
199 3383 288 3436 studia
299 3389 326 3437 in
341 3387 382 3438 his
400 3390 488 3459 posita
500 3401 568 3439 sunt.
615 3389 739 3454 adstans,
752 3397 778 3438 et
790 3385 919 3437 inclinans
930 3399 971 3446 se,
984 3393 1014 3432 ut
1027 3380 1113 3450 spolia

69 3462 413 3537 -532.parcepnatistuis
423 3486 570 3539 proterva,
615 3468 695 3539 legat.
716 3464 790 3518 Ordo
807 3463 950 3516 verborum
969 3460 1113 3530 simplicior

71 3554 101 3592 ut
122 3543 196 3613 apud
214 3544 345 3598 Lucilium
357 3560 384 3600 et
395 3548 511 3600 Ennium
528 3552 571 3601 iu·
617 3559 688 3599 erat:
700 3540 1114 3616 lapsumimmalat‚superstans·
1132 3538 1135 3543 ’

5 3679 6 3694 q
70 3621 276 3676 veniturzberv.
289 3623 352 3676 belli
363 3620 518 3694 commercia
529 3647 571 3680 re·
616 3624 780 3698 queinpenti
795 3623 886 3673 umbra
899 3621 970 3694 tepit.
986 3622 1027 3671 lta
1045 3620 1113 3672 acci·

71 3699 233 3754 demtionem
257 3707 431 3774 captivorum.
451 3735 487 3746 -
510 3703 569 3774 534.
615 3707 677 3774 pio,
690 3721 740 3756 nec
755 3702 832 3754 aliter
845 3701 930 3771 accipi
943 3710 1112 3770 posse‘puto·

70 3778 188 3832 Eandem
204 3781 327 3834 Anchise
338 3785 459 3839 Manium
475 3798 503 3836 et
521 3787 571 3838 luli
614 3783 682 3836 Sane
694 3782 728 3835 de
737 3793 821 3832 morte
829 3793 885 3831 tum
895 3780 950 3846 alii,
957 3791 1014 3830 tam
1020 3779 1111 3830 Ursin.

72 3861 229 3910 sententiam
252 3878 309 3912 esse
329 3865 380 3914 aia.
400 3864 519 3934 Respicit
536 3865 570 3916 ad
614 3863 710 3935 Scaliq.
722 3861 810 3915 Cerda
821 3862 1008 3931 accipiunt‚ut
1018 3859 1051 3909 sit
1061 3853 1115 3906 oui·

73 3953 164 4006 preces
176 3957 202 3988 v.
217 3939 283 4006 524,
295 3938 353 3992 525.
615 3964 652 3994 a..
674 3941 721 3991 aa
746 3935 876 4006 tuum»,
896 3952 922 3991 et
943 3955 1000 4009 quae
1020 3933 1117 3992 similia

107 4015 156 4086 537
167 4047 201 4058 -
213 4018 274 4086 542.
290 4019 345 4072 Nec
358 4019 453 4091 procul
464 4022 570 4075 Homo·
615 4022 667 4076 alia
682 4020 754 4092 apud
764 4020 907 4072 Homemm
920 4013 1115 4070 occurrunt-At
