2736 4598
345 319 580 418 nusrnos
602 321 754 388 orosa
777 323 839 390 xi.

59 444 245 532 Ingentem
258 462 418 532 quereum
431 442 548 508 decisis
562 443 709 534 undique
721 449 819 512 ramis
837 481 838 484 ¹

60 550 249 616 Constituit
261 551 404 628 tumulo,
419 550 644 640 fulgentiaque
657 550 764 618 induit
775 575 878 634 arma,

60 659 215 720 Mezenti
228 654 321 720 ducis
334 656 480 735 exuvias3
493 655 567 736 tibi,
581 680 713 744 magne,
726 674 903 746 tropaeum,
954 667 956 671 ’
993 687 997 700 ’

60 762 288 850 Bellipotens;
300 777 390 849 aptat
401 762 540 826 rorantis
553 762 711 849 sauguine
723 763 850 843 cristas,

62 868 223 956 Telaque
235 884 350 932 trunca
362 868 438 946 viri,
453 867 547 931 ethis
560 889 615 932 sex
628 865 761 933 thoraca
773 869 913 956 petitum

64 975 330 1062 Perfossurnque
343 973 440 1052 locis;
454 973 665 1062 clipeumque
678 997 717 1038 ex
729 997 793 1039 aere
806 974 944 1038 sinistrae
1091 1005 1118 1036 ιο

64 1079 234 1166 Subligat,
247 1096 346 1168 atque
359 1102 472 1144 ensem
484 1079 570 1144 collo
583 1079 754 1168 suspendit
767 1079 941 1144 eburnum.

65 1188 162 1250 Tum
175 1184 297 1264 socios,
311 1208 453 1274 namque
467 1187 573 1250 omnis
587 1209 663 1250 eum
676 1186 793 1274 stipata
805 1185 937 1273 tegebat

66 1291 188 1356 Turba
200 1291 337 1370 ducum,
351 1293 398 1356 sie
410 1291 570 1380 incipiens
582 1291 734 1356 hortatur
746 1291 872 1356 ovantis
885 1315 891 1353 :

72 1427 87 1456 a
98 1399 247 1462 Maxima
259 1419 310 1462 res
324 1398 457 1476 effecta,
471 1397 547 1478 viri;
561 1398 661 1461 timor
673 1398 780 1461 omnis
793 1397 920 1476 abesto,

68 1502 174 1586 Quod
187 1520 353 1592 superest,
365 1502 436 1568 haec
449 1520 525 1568 sunt
537 1503 655 1591 spolia,
671 1501 757 1567 etde
770 1525 847 1590 rege
860 1501 1004 1590 superbo
1093 1517 1119 1562 15

71 1611 249 1690 Primitiae3
262 1609 480 1700 manibusque
492 1605 574 1674 rrieis
586 1609 770 1674 Mezentius
782 1608 837 1672 hie
850 1625 908 1672 est.

105 1818 128 1862 6.
142 1819 274 1864 &mutum
282 1815 351 1862 Goth.
360 1828 422 1872 tert„
430 1831 552 1878 perperam
561 1827 583 1862 et
591 1815 644 1861 hoc.
651 1816 770 1860 truncum
777 1827 878 1875 quercus
885 1821 1028 1873 amputatum
1035 1813 1123 1866 statuit,

75 1891 211 1945 constituit,
230 1889 311 1934 AEneas
324 1889 350 1932 in
369 1886 467 1932 tumulo.
481 1910 513 1922 —
525 1902 546 1947 7.
565 1887 658 1930 eximius
670 1885 752 1928 Franc.
767 1879 903 1943 triumphum
921 1880 990 1925 Goth.
1010 1891 1062 1926 tert.
1080 1896 1124 1943 pro

75 1975 124 2005 var.
136 1959 193 2005 leet.
205 1976 242 2022 pr.
257 1958 339 2004 ilamb.
350 1984 381 1993 —
393 1957 415 2004 8.
428 1961 516 2004 roranti
525 1955 594 2002 Goth.
607 1972 667 2010 seo,
679 1957 759 2016 sicque
772 1954 838 1998 Rom.
851 1977 882 1986 -
896 1967 917 2012 9.
933 1953 1067 2014 Truncaque
1079 1950 1123 1996 tela

75 2030 146 2076 Goth.
157 2043 211 2076 tert.
223 2033 295 2074 uuum
303 2031 378 2074 Lutat.
389 2028 418 2074 ad
429 2031 485 2075 Stat.
499 2029 519 2072 11
528 2027 602 2072 Theb.
616 2020 1125 2088 710.—ro.EffossumqueDorvill.siuistra

74 2101 165 2164 aliquot
180 2102 259 2147 Heins.
271 2103 367 2146 sinistris
375 2099 413 2147 vel
424 2103 516 2145 sinistro
524 2097 584 2143 Gud.
595 2123 626 2134 —
638 2111 673 2142 11.
685 2094 807 2140 eburneum
816 2092 877 2138 Gud.
891 2109 903 2137 a
913 2109 943 2138 m.
954 2107 999 2138 see.
1006 2126 1013 2148 ,
1026 2091 1125 2154 applau-

75 2173 146 2219 dente
159 2174 264 2219 Heinsio.
276 2197 308 2207 -
322 2187 356 2216 ια.
372 2171 448 2230 Quum
459 2188 478 2216 s.
492 2171 592 2216 Carisius
604 2168 645 2214 lib.
657 2169 689 2212 lv
700 2168 764 2212 citat.
776 2167 848 2214 omnis
856 2166 982 2227 constipata
991 2163 1060 2208 Goth.
1070 2175 1123 2210 tert.

75 2253 107 2277 ὲ-
121 2243 157 2300 sd.
179 2245 204 2288 15
222 2243 311 2288 Mutari
325 2241 363 2286 hic
382 2243 513 2288 Heinsianae
531 2240 674 2286 recensionis
690 2237 916 2299 interpunctionem,
934 2250 987 2297 quas
1004 2233 1125 2280 manifeste

77 2317 217 2360 sententiam
229 2315 339 2360 vitiabat:
353 2315 458 2358 Maxima
470 2329 505 2358 res
516 2312 598 2376 effecta
608 2313 658 2356 viri.
674 2312 750 2355 Timor
760 2310 832 2354 omnis
840 2305 923 2352 abesto.
936 2305 1002 2364 Quod
1011 2313 1125 2368 superest:

78 2384 124 2430 lues
138 2393 194 2430 sunt
206 2398 250 2432 etc.
265 2385 314 2431 lmo
325 2401 380 2432 vero
392 2385 529 2447 jungenda:
543 2387 608 2430 umor
616 2385 687 2430 omnis
696 2381 784 2436 abesto,
796 2379 861 2443 quod
872 2379 897 2424 id
909 2380 1005 2434 attinet,
1017 2379 1078 2442 quod
1087 2393 1130 2423 su·

76 2466 153 2519 petest
159 2491 167 2513 ,
180 2449 274 2516 (sasai)
284 2453 311 2502 oi
323 2452 398 2504 otiarer
408 2454 452 2502 ouri
460 2455 573 2516 πολέμου.
583 2457 640 2516 Quae
650 2465 792 2519 sequuntur:
801 2451 847 2498 licea
858 2449 999 2514 suutspolia,
1011 2451 1128 2496 illustrant

78 2525 118 2571 illa
130 2539 136 2572 t
148 2529 249 2571 maxima
265 2541 300 2572 res
314 2525 403 2589 tst‘ecta.
418 2552 449 2562 -
463 2529 498 2573 15.
510 2535 532 2572 et
544 2527 608 2573 deest
619 2527 680 2574 Ven.
696 2537 720 2571 et
733 2541 779 2572 seo.
792 2522 902 2570 Rottend.
916 2522 962 2567 Alii
973 2522 1036 2584 apud
1047 2522 1127 2568 Heius.

80 2595 273 2658 distinguebant:
288 2604 311 2641 et
321 2597 347 2640 de
359 2612 409 2660 reqe
425 2597 521 2660 superbo
534 2598 642 2642 Primitiae
659 2595 805 2659 manibusque
818 2597 892 2639 meis:
908 2594 1032 2638 Mezentius
1045 2589 1079 2635 lu'c
1088 2599 1128 2636 est.

79 2667 163 2713 Parum
178 2669 244 2714 scite.
256 2693 288 2704 -
301 2659 336 2714 16'.
350 2668 495 2733 manibusque
506 2671 561 2714 mers
577 2670 702 2714 Mezentius
714 2666 748 2712 lu'c
764 2674 805 2712 est.
817 2663 900 2711 Paullo
912 2663 993 2710 durior
1007 2674 1041 2708 est
1052 2663 1127 2707 oratio

81 2857 136 2890 neae
152 2838 207 2890 hoc
222 2852 338 2910 spectat,
354 2840 426 2910 quod
447 2853 510 2892 ante
530 2858 583 2890 om-
627 2848 755 2908 gutantur
765 2837 853 2904 intpp.
866 2831 943 2882 illata
954 2831 1030 2880 fuere
1038 2826 1128 2879 vulne·

80 2928 127 2971 nia
140 2918 270 2989 persolvit
287 2919 337 2971 diis
356 2933 420 2971 vota
435 2919 510 2990 (vota
527 2919 584 2970 deo·
628 2934 658 2967 ra
669 2934 718 2988 per
734 2925 817 2964 totam
829 2929 955 2983 pugnam.
973 2927 997 2958 v.
1013 2925 1071 2978 sup.
1085 2906 1127 2969 X,

81 3000 172 3071 rum),
188 3011 215 3050 et
226 3018 296 3051 nune
312 2999 419 3070 quidem
438 3012 539 3070 tropaeo
556 3000 583 3048 in
628 2995 694 3064 691,
707 2994 774 3062 692,
787 2990 852 3060 715,
866 2988 925 3058 716.

81 3081 177 3132 Martis
186 3079 328 3132 bonorem
345 3083 499 3133 constituto.
512 3109 546 3137 ε
558 3076 583 3130 5.
668 3074 707 3139 14.
725 3071 763 3125 15.
781 3068 819 3122 16.
836 3067 931 3120 Similis
944 3065 1029 3117 oratio
1039 3059 1130 3113 Achil-

81 3159 171 3212 Locus
179 3160 213 3212 de
225 3174 324 3232 tropaeo
333 3160 459 3234 erigendo
468 3157 586 3211 luculeu-
629 3153 661 3204 lis
674 3153 744 3203 vieto
761 3151 876 3200 Hectore
895 3143 971 3196 Iliad.
983 3159 1015 3207 x,
1029 3141 1078 3210 391
1094 3168 1130 3180 -·

84 3255 127 3291 tus
135 3262 140 3290 ι
149 3260 230 3311 quem
237 3240 421 3292 emulatus'est
428 3239 493 3292 Stat.
499 3237 584 3290 Theb.
630 3230 697 3301 394,
707 3229 754 3280 uhi
763 3221 962 3295 Ἠρᾶμιθαμὶγοι
969 3221 1047 3280 nidus
1057 3217 1130 3290 q¹10d

84 3321 122 3384 ll,
139 3321 191 3389 704
204 3338 277 3390 sqq,
297 3319 331 3372 ad
348 3320 477 3372 orationis
493 3317 587 3370 saltem
630 3310 675 3362 hic
685 3309 807 3360 Maxima
817 3324 855 3358 res
862 3301 1069 3392 effecta,si1upl.
1080 3319 1130 3372 pro

84 3402 193 3470 copiam
202 3398 406 3470 comparandus.
414 3398 495 3450 Aliud
504 3414 586 3470 genus
632 3409 730 3463 magna
747 3406 789 3442 res
805 3396 923 3459 peracta.
941 3382 1070 3434 Primitiae
1091 3398 1129 3432 sc.

84 3481 190 3551 tropaei.
212 3478 329 3532 humeris
348 3472 477 3551 gestatum
495 3496 520 3528 v.
538 3477 586 3528 int.
632 3472 675 3524 vel
689 3469 768 3536 belli,
786 3468 829 3520 vel
845 3465 1006 3539 spoliorum,
1017 3458 1051 3515 rui
1065 3461 1133 3530 aispe-

87 3559 135 3626 83,
149 3559 191 3625 84.
211 3557 332 3623 tumulo,
350 3575 397 3609 seu
413 3557 588 3610 eminentiore
632 3551 701 3604 &irre
711 3571 717 3600 t
729 3562 758 3600 ut
770 3548 875 3619 poetice
885 3545 1020 3596 ornaverit
1035 3561 1091 3594 rem
1105 3553 1131 3594 et

86 3636 170 3703 loeo,
193 3655 240 3690 seu
262 3651 335 3689 terra
358 3648 473 3709 aggesta.
495 3653 589 3708 appere
631 3632 745 3702 propria
756 3641 783 3681 et
799 3626 930 3696 exquisita
943 3642 1016 3674 voce.
1031 3623 1061 3674 tle
1074 3639 1132 3695 repe

87 3735 243 3789 camporum
252 3717 338 3768 medio
351 3716 416 3767 dixit
427 3715 525 3767 Statius
533 3715 550 3765 l.
562 3735 585 3767 c.
632 3712 757 3783 superbo,
767 3707 911 3772 Mezentio,
923 3722 977 3755 nou
986 3704 1092 3766 Turno,
1103 3712 1133 3752 ut

88 3801 148 3869 708.
165 3796 229 3848 Tela
240 3807 332 3848 trunca
344 3797 395 3848 vin'
403 3797 523 3861 ,fractas
533 3795 589 3846 Me·
633 3791 706 3842 Serv.
731 3800 757 3840 et
779 3787 880 3866 alii.-
895 3785 934 3836 16.
961 3781 1132 3852 manibusque

88 3879 166 3936 zentii
178 3876 269 3930 hastas
285 3895 343 3948 sup.
357 3877 395 3942 X,
413 3875 462 3928 882
478 3891 537 3943 sqq.
553 3873 590 3925 lu‘s
634 3869 700 3920 meis
721 3864 867 3916 Mezentius
886 3861 929 3914 lu'a
949 3871 1005 3914 est.-
1025 3873 1051 3912 et
1074 3877 1133 3912 mes

87 3976 130 4012 sex
135 3979 144 4018 ,·
157 3958 256 4008 Statius
269 3954 334 4008 ibid.
350 3954 517 4026 perfossaque
533 3949 589 4004 ool·
636 3951 731 4000 virtute
744 3946 777 3997 de
792 3944 921 3996 Mezentio
934 3940 1001 3992 nihil
1012 3948 1133 4008 superest

90 4036 246 4087 nereosebro
256 4051 339 4086 arma.
351 4033 392 4084 td
404 4031 540 4086 fastidium
552 4050 590 4083 ar·
637 4046 715 4099 quarn
728 4026 780 4078 lioc
798 4039 941 4097 tropeum,
953 4021 1009 4074 haec
1022 4020 1078 4087 ejus
1091 4034 1134 4068 ar-
