2736 4598
68 311 1098 348 m

373 517 735 609 EXCURSUS
769 523 803 608 Ι.

341 781 495 856 Auxilio
505 789 625 856 AEneoe
637 813 684 856 ex
697 790 842 858 Etnur‘a.

69 1029 141 1116 Im.
158 1067 197 1133 X,
220 1065 269 1119 166
284 1081 343 1138 sqq.
362 1067 424 1118 Non
445 1081 536 1118 omnes
555 1065 650 1117 veteris
671 1065 782 1116 Etruriae
799 1066 922 1119 ciritates
940 1073 1082 1123 memorari
1098 1091 1115 1124 a

69 1159 160 1216 poeta,
169 1165 252 1218 quum
264 1151 356 1219 copias
366 1147 428 1199 inde
439 1143 568 1198 adductas
581 1158 710 1210 recenset,
719 1146 888 1198 manifestum
897 1160 944 1219 est.
955 1149 993 1200 Ex
1003 1151 1034 1201 iis
1048 1170 1116 1222 quo·

69 1243 137 1297 que,
154 1225 298 1280 duodecim
316 1245 446 1292 numero,
467 1224 635 1290 civitatibus,
655 1241 713 1294 qua
732 1224 924 1295 rempublicam
942 1219 1115 1283 Etruscorum

69 1309 283 1375 constituebant,
293 1307 410 1362 Clusium
423 1321 449 1360 et
458 1309 527 1359 Coere
538 1319 640 1358 tanturn
652 1307 760 1357 nomine
768 1307 872 1376 posuit,
885 1307 1000 1380 reliquas
1010 1324 1117 1381 prater-

69 1387 108 1438 iit.
122 1389 223 1440 Habuit
234 1391 314 1461 igitur
330 1389 477 1441 dilectum?
493 1405 527 1440 an
547 1399 644 1438 temere
662 1386 803 1456 apposuit,
823 1403 880 1456 quae
897 1388 925 1438 in
941 1403 1056 1442 mentem
1072 1411 1117 1443 ve-

69 1466 231 1520 niebauti'Si
242 1480 363 1520 nostrum
369 1467 507 1540 Virgilium
519 1465 587 1517 bene
599 1465 679 1529 novi,
691 1464 786 1516 habuit
795 1463 839 1515 ille
851 1463 1030 1533 hauddubie,
1043 1469 1117 1538 quod

71 1563 133 1596 cum
146 1545 266 1616 judicio,
283 1560 309 1600 et
324 1550 420 1600 veteris
438 1545 571 1599 memoriae
582 1557 706 1615 respectu
719 1542 808 1595 inhoc
822 1543 883 1596 loco
898 1560 1070 1616 sequeretnr=
1089 1551 1118 1600 iu

70 1625 129 1676 aliis
142 1625 265 1696 quidem,
278 1626 352 1697 quod
362 1645 399 1679 ere
410 1627 548 1678 maritimae
562 1623 642 1677 urbes
654 1636 731 1676 erant
742 1635 769 1676 et
777 1625 886 1675 navium
899 1628 1005 1697 copiam
1017 1646 1118 1700 suppe-

71 1704 157 1757 ditare
169 1718 311 1776 poterant3
324 1709 352 1757 in
364 1705 422 1759 aliis
436 1706 579 1758 amicitiam
594 1721 655 1756 cum
666 1705 806 1768 Romanis,
821 1705 849 1754 in
861 1703 920 1756 allis
931 1706 1038 1758 fabulas
1050 1709 1119 1779 pris·
1153 1760 1155 1764 ,

72 1802 130 1852 cas,
142 1798 172 1836 ut
183 1788 212 1838 in
223 1787 341 1840 Mantua.
355 1787 424 1838 Coere
433 1784 542 1856 quidem
551 1800 654 1834 summo
665 1799 725 1834 cum
738 1781 837 1834 dilectu
849 1786 936 1854 primo
946 1785 1006 1838 loco
1017 1789 1118 1858 posuit,

73 1865 201 1935 quoniam
218 1867 375 1918 Mezentium
391 1883 482 1936 regem
498 1863 604 1934 pulsum
618 1860 690 1913 hello
707 1863 833 1932 persequi
845 1861 999 1916 decreverat
1013 1885 1045 1918 ea
1057 1867 1118 1918 civi·

71 1956 128 2008 tas,
141 1944 236 1996 castris
248 1948 276 1996 in
287 1947 440 2016 propinquo
453 1943 527 1995 urbis
539 1944 652 2014 positis,
667 1941 764 2012 quibus
776 1943 872 1992 AEneas
885 1955 1009 2013 exceptus
1021 1957 1120 1997 cuncta

70 2024 160 2075 statim
170 2024 205 2074 ad
216 2027 409 2095 profectionem
418 2035 515 2094 parata
526 2022 625 2091 reperit
637 2019 712 2090 (sup.
723 2021 796 2084 VIII,
809 2021 899 2090 478....
914 2022 975 2092 494.
986 2022 1037 2075 603
1049 2025 1118 2094 sq.):

72 2104 146 2175 quod
158 2106 210 2155 nisi
222 2117 373 2176 opportune
386 2103 541 2168 accidisset,
555 2101 590 2154 ad
602 2099 736 2171 parandas
749 2102 840 2170 copias
852 2119 928 2153 mora
941 2103 1014 2154 facta
1030 2115 1099 2155 esset
1110 2140 1118 2169 ,
1181 2157 1182 2162 ,

71 2201 131 2252 quae
143 2195 228 2254 poetae
238 2196 322 2236 totam
333 2185 515 2237 narrationem
526 2180 718 2254 perturbasset.
732 2181 837 2232 Mature
852 2195 941 2262 autem
953 2201 1013 2234 cum
1023 2185 1120 2236 Roma·

70 2263 113 2312 nis
132 2263 264 2316 Caeretani
280 2267 307 2316 in
325 2267 468 2318 amicitiam
487 2276 514 2316 et
532 2263 686 2314 societatem
702 2279 818 2330 venere,
837 2263 919 2314 sacris
937 2264 1119 2316 Romanorum

70 2353 99 2393 et
110 2341 308 2408 sacerdotibus,
317 2360 398 2415 quum
411 2343 480 2396 Galli
489 2342 674 2406 advenissent,
684 2343 808 2412 receptis.
821 2341 874 2393 vid.
891 2343 946 2394 Liv.
960 2333 999 2411 V,
1016 2343 1058 2409 4ο.
1075 2342 1120 2396 50.

70 2421 103 2470 ln
115 2422 248 2474 civitatem
261 2441 368 2494 quoque
381 2423 509 2493 adscripti
526 2434 603 2487 sunt,
619 2423 670 2474 etsi
689 2423 744 2473 sine
757 2421 894 2493 suffragio.
912 2421 1055 2475 Caeretanis
1074 2439 1121 2474 so-

70 2505 168 2556 cietate
181 2504 300 2574 adjunxit
311 2519 392 2577 poeta
402 2507 521 2557 ciritates
531 2505 591 2556 loco
604 2507 714 2570 vicinas,
722 2504 863 2576 plerasque
869 2503 1001 2558 litoralem
1008 2506 1120 2558 Etruria·

71 2585 209 2655 regionem
221 2585 377 2650 incolentes,
388 2603 450 2636 nam
457 2585 609 2656 longinquis
621 2584 687 2636 locis
700 2587 792 2655 copias
805 2603 938 2640 arcessere
951 2605 1005 2638 non
1016 2589 1121 2658 potuit;

70 2665 162 2735 potuit
174 2665 239 2716 alias
252 2684 358 2737 quoque
373 2667 489 2718 rationes
502 2677 640 2735 spectare,
653 2682 719 2734 quas
731 2667 759 2715 in
774 2667 855 2716 tantis
867 2665 983 2716 historiae
995 2665 1121 2716 Etrusco·

71 2761 134 2794 rum
153 2745 269 2798 tenebris
287 2765 357 2798 nunc
372 2748 534 2818 ignoramus.
554 2744 623 2796 Illud
639 2757 728 2796 tamen
744 2745 786 2795 vel
806 2747 917 2797 maxime
933 2747 1029 2809 miror,
1047 2743 1121 2814 quod

71 2824 149 2877 nulla
160 2826 293 2892 Consum
306 2845 353 2879 seu
367 2825 475 2897 Corythi
484 2827 597 2891 veteris,
609 2826 709 2876 mentio
722 2827 793 2875 facta
805 2837 861 2890 est,
875 2843 956 2896 quum
965 2824 1028 2875 inde
1043 2825 1123 2894 origi·

71 2923 136 2956 nem
148 2905 253 2959 trahere
269 2907 355 2959 dictus
372 2919 440 2960 esset
456 2906 615 2970 Dardanus,
631 2906 680 2956 etsi
693 2905 782 2956 Acron
798 2905 861 2956 inde
879 2904 1007 2956 oriundus
1022 2905 1070 2956 inf.
1081 2905 1119 2968 X,

73 3001 128 3053 719
141 2998 310 3038 memoratur.
324 2987 376 3039 Sed
394 2989 417 3038 si
429 2997 501 3038 recte
513 2987 644 3056 conjicio,
660 3002 721 3035 cum
737 2983 831 3057 Agylla
842 3003 890 3036 seu
905 2985 977 3036 Caere
988 2995 1064 3034 vetus
1076 2983 1123 3034 Pe·

71 3061 210 3134 lasgorum
228 3065 292 3116 urbs
309 3077 395 3131 esset,
413 3067 441 3116 in
461 3066 615 3116 societatem
636 3061 776 3132 adscripsit
796 3074 878 3133 poeta
898 3061 963 3114 alias
985 3062 1122 3128 civitates,

73 3157 144 3213 quas
155 3144 257 3217 Pelasgi
270 3145 433 3199 inhabitasse
446 3144 510 3197 dicti
523 3155 591 3196 sunt.
607 3143 715 3214 Dionys.
728 3144 756 3207 I,
774 3159 822 3207 20,
843 3143 888 3212 qui
904 3142 1030 3194 classicus
1046 3140 1122 3192 Iocus

4 3243 5 3254 ¹
72 3235 133 3288 est,
150 3225 246 3277 multas
263 3243 309 3278 eos
323 3227 401 3279 urbes
420 3228 518 3298 partim
530 3224 624 3278 Siculis
639 3235 760 3294 ereptas,
772 3224 870 3293 partim
886 3241 903 3273 a
918 3241 945 3275 se
961 3227 1123 3288 exstructas,

71 3303 211 3357 habitasse
224 3307 261 3358 ait
279 3309 454 3359 communiter
469 3325 528 3359 cum
543 3303 749 3376 Aboriginibus,
762 3321 794 3354 eo
807 3304 834 3355 in
847 3320 957 3355 numero
970 3319 1026 3356 esse
1039 3303 1123 3369 Coere,

73 3383 185 3449 Pisum,
201 3385 353 3439 Saturnium
369 3398 396 3439 et
409 3385 477 3440 alias
490 3387 616 3461 quosdam
634 3385 724 3450 urbes,
744 3401 809 3456 quas
825 3383 902 3455 ipsis,
921 3383 1043 3454 temporis
1058 3401 1122 3454 pro·

70 3479 165 3535 pressu
173 3501 183 3528 ,
195 3465 300 3518 Etrusci
310 3466 471 3537 eripuerunt.
490 3469 603 3518 Potuere
616 3483 679 3537 ergo
693 3465 762 3516 inter
778 3481 823 3516 eas
838 3463 931 3529 urbes,
944 3481 1010 3534 quas
1020 3463 1125 3534 Pelasgi

74 3557 206 3610 tenuere,
224 3559 250 3598 et
272 3546 322 3599 illae
344 3565 418 3613 esse,
438 3567 503 3619 quas
522 3559 604 3619 poeta
619 3549 761 3598 recensuit.
780 3545 849 3597 Nam
869 3545 966 3609 Veios,
989 3545 1123 3610 Falerios,

72 3623 238 3694 Tarquinios
254 3646 309 3678 non
322 3628 391 3680 hene
403 3631 490 3699 potuit
504 3628 667 3700 adjungere,
680 3629 780 3698 quippe
793 3625 937 3695 aliquando
947 3627 1073 3678 Romanis
1085 3626 1125 3675 in-

74 3704 161 3755 festos
172 3707 285 3757 futuros.
298 3708 392 3778 Neque
404 3710 493 3779 potuit
505 3707 540 3760 ad
554 3708 634 3758 urbes
647 3720 778 3769 remotas,
791 3707 902 3758 maxime
915 3725 946 3758 ex
954 3706 1125 3758 interioribus

4 3845 5 3850 ¹
74 3785 171 3848 terris,
184 3786 327 3856 progredi:
342 3786 478 3858 quomodo
490 3789 559 3840 enim
572 3789 601 3839 in
613 3801 667 3839 tarn
677 3787 751 3838 brevi
764 3798 883 3855 tempore
893 3787 976 3856 copiae
988 3785 1050 3836 inde
1063 3783 1126 3837 duci

73 3865 243 3931 potuissent!
262 3866 296 3916 At
307 3867 419 3918 navibus
433 3887 447 3919 e
459 3869 597 3919 maritimis
616 3865 767 3919 civitatibus
786 3868 884 3918 arcessi
901 3876 1035 3936 poterant.

114 3939 250 4008 Clusium,
265 3945 373 3998 Camers
385 3945 427 3998 vel
439 3945 548 3999 Camers
564 3947 627 3997 olim
640 3946 757 4012 dictum,
769 3947 838 3998 inter
849 3947 937 3999 AEneae
947 3944 1044 3997 auxilia
1056 3942 1126 3998 beuu

75 4021 171 4074 referri
187 4025 290 4094 potuit,
310 4026 528 4100 quandoquidem
544 4031 572 4079 in
593 4027 791 4081 societatem'et
808 4027 950 4081 amicitiam
966 4044 982 4078 a
1000 4023 1125 4076 Ilornauir
