2690 4596
220 315 284 404 370
468 311 503 374 P.
527 305 762 373 VIRGlLlI
784 307 1017 376 MARONIS

220 443 285 503 Aut
297 457 424 514 ensem,
437 429 538 521 (qnid
550 431 639 494 enim
650 431 722 496 sine
734 447 767 494 te
778 431 918 496 Juturna
929 433 1091 521 valeretl)

221 550 381 632 Ereptum
394 537 489 604 reddi
500 541 631 617 Turno,
646 552 679 600 et
690 537 758 600 vim
769 559 917 602 crescere
929 539 1043 603 victis?
1318 615 1319 618 Ἴ

220 653 343 719 Desine
352 649 421 738 jam
433 644 582 723 tandem,
596 641 818 732 precibusque
829 643 999 710 inflectere
1014 647 1154 727 nostris,
1225 659 1266 708 8⁰⁹

218 761 288 822 Nec
300 773 333 820 te
345 768 455 818 tantus
468 748 545 814 edat
555 749 688 814 tacitam
699 747 809 827 dolor;
823 749 949 814 etmihi
961 773 1049 817 curae

219 865 313 951 Saepe
324 877 383 925 tuo
396 856 486 921 dulci
496 855 607 920 tristes
619 877 659 920 ex
670 877 728 920 ore
741 872 921 922 recursem.

217 1043 341 1088 Iuturnam
347 1035 425 1100 fateor
437 1045 481 1080 etc.
492 1051 515 1080 v.
528 1032 573 1079 813
587 1049 638 1097 sqq.
649 1054 659 1074 υ
673 1032 767 1079 Scilicet
780 1035 812 1079 tic
826 1034 987 1092 statuendum,
1002 1034 1087 1082 vulnus
1099 1037 1177 1084 AEueae
1188 1039 1268 1099 sagitte
1318 1039 1319 1090 ξ

218 1115 324 1174 ignotum
337 1105 400 1153 unde
413 1104 499 1166 allapsa
511 1108 579 1166 (cup.
592 1103 637 1150 318
649 1105 717 1167 sqq.)
728 1106 834 1149 ‚Iuturnae
848 1105 920 1150 tribui
931 1121 944 1150 a
955 1107 1022 1152 lore.
1036 1106 1107 1164 Quod
1120 1109 1141 1152 si
1149 1119 1237 1153 statuas
1248 1119 1270 1152 et

219 1183 262 1229 inl.
284 1179 328 1228 813
347 1194 382 1242 aq.
399 1177 469 1224 verba
483 1177 583 1222 lunonis
601 1190 733 1236 comparet,
748 1175 873 1222 lectionem
885 1175 1007 1222 Mortalem
1021 1177 1090 1224 valde
1102 1179 1209 1224 arridere
1223 1194 1269 1223 non

219 1251 363 1299 inficiabere.
381 1250 466 1294 Contra
481 1247 519 1302 id,
537 1245 603 1309 quod
621 1249 721 1292 nuncin
735 1245 801 1291 libris
820 1245 918 1306 legitur,
936 1245 1100 1293 difficultatem
1116 1248 1182 1293 baud
1201 1249 1270 1294 dubie

219 1324 288 1377 facit,
300 1323 318 1366 si
330 1316 424 1366 mortale
437 1314 520 1362 vulnus
531 1319 650 1362 communi
660 1316 791 1378 significatu
802 1315 965 1377 accipiendum
975 1327 1022 1371 eat,
1035 1329 1061 1363 ut
1072 1319 1102 1362 ait
1111 1317 1199 1364 vulnus
1209 1335 1273 1362 mor·
1318 1365 1319 1392 ,

219 1392 284 1448 talis,
297 1407 339 1437 scu
351 1406 364 1436 a
378 1387 471 1434 mortali
486 1387 594 1434 illatum:
609 1387 668 1450 quid
682 1388 784 1432 enimin
798 1401 827 1432 eo
841 1387 939 1442 mirum,
953 1388 972 1432 si
985 1388 1078 1442 AEneas,
1092 1387 1188 1434 laturus
1199 1387 1270 1442 deus,
1318 1395 1319 1448 l

219 1479 286 1510 nuuc
305 1474 383 1507 tamen
401 1458 485 1514 homo,
500 1475 512 1504 a
527 1457 632 1513 mortali,
650 1458 680 1503 ab
697 1457 805 1513 homine,
824 1456 872 1504 telo
886 1457 1022 1519 petebatur,
1035 1473 1107 1520 quum
1124 1461 1145 1504 ia
1158 1462 1185 1504 in
1197 1459 1272 1504 media
1318 1457 1319 1462 ’

219 1550 299 1600 pugna
319 1531 467 1580 versarctur?
486 1545 540 1576 cum
561 1531 641 1576 Turno
660 1529 860 1592 congrederetur?
884 1531 966 1594 ltaque
985 1530 1098 1587 inducor,
1117 1543 1145 1576 ut
1163 1531 1272 1586 credam,

219 1608 342 1653 Maronem
356 1605 458 1665 primum
469 1600 493 1645 b.
509 1600 525 1645 l.
538 1616 620 1646 ausum
631 1600 748 1648 mortalem
765 1617 809 1664 pro
826 1601 890 1648 letali
904 1603 1000 1649 dicere:
1016 1603 1082 1666 quod
1098 1603 1129 1649 ad
1143 1603 1272 1665 analogiam

219 1690 255 1724 tot
271 1676 370 1722 aliorum
386 1673 510 1729 similium,
523 1689 545 1720 v.
563 1689 583 1718 c.
604 1671 694 1729 letalia,
708 1673 734 1718 fit
752 1673 875 1736 praclarc3
892 1677 935 1721 etsi
950 1677 1014 1722 Serv.
1032 1675 1141 1732 damnet,
1156 1687 1181 1721 et
1195 1678 1270 1721 Burm.

218 1760 282 1795 recte
292 1756 397 1800 moneat,
407 1758 456 1790 ctae
465 1759 533 1789 usum
544 1745 607 1791 vocis
617 1746 731 1806 sequioris
743 1746 822 1790 atatis.
832 1744 879 1791 Sed
888 1745 937 1790 baec
949 1747 1011 1806 ipsa,
1022 1761 1075 1808 qnae
1086 1747 1190 1792 seriores
1199 1749 1272 1807 scrip-

219 1832 282 1867 toret
300 1817 344 1863 sibi
361 1818 512 1878 permittunt,
534 1817 612 1861 omnia
621 1815 675 1861 lere
694 1833 707 1860 a
725 1819 801 1878 poetis
815 1818 915 1878 primum
928 1818 1034 1878 prolecta
1048 1829 1110 1863 sunt.
1126 1819 1161 1862 lta
1179 1817 1272 1862 tandem

219 1891 335 1938 sententia
346 1888 493 1949 dignapoete
505 1887 559 1932 exit.
568 1887 622 1931 Erat
633 1889 715 1950 utique
728 1886 794 1950 qnod
805 1889 929 1934 miraretur
937 1888 1043 1949 Jupiter,
1054 1889 1190 1943 lunonem,
1202 1902 1272 1950 quum
1318 1903 1319 1926 1

219 1963 289 2007 sciret
302 1961 352 2021 ipsa
363 1959 458 2003 AEneam
469 1955 624 2003 immortalem
632 1957 750 2012 futurum,
761 1969 839 2003 tamen
850 1969 942 2021 putasse
952 1974 976 2004 sc
986 1970 1166 2020 assequuturam
1177 1957 1236 2014 boc,
1247 1967 1271 2002 ut
1318 1997 1319 2004 .

218 2031 260 2078 ille
274 2029 322 2078 telo
337 2043 460 2092 percussus
475 2027 573 2075 vulnere
585 2027 650 2074 letali
660 2029 786 2075 occideret.
801 2029 975 2075 Adscribendm
985 2023 1046 2076 adeo
1056 2028 1097 2074 hic
1111 2027 1180 2074 locus
1192 2031 1234 2084 iis,
1247 2030 1272 2072 in
1318 2025 1319 2066 ἶ

218 2102 304 2165 quihus
315 2111 384 2164 pocta
398 2113 494 2146 novasse
508 2098 599 2161 aliquid
613 2097 729 2144 dicendus
743 2111 789 2154 cet,
804 2113 834 2142 ne
848 2101 933 2160 inepta
948 2100 1060 2145 orationis
1074 2099 1175 2144 crimine
1190 2112 1271 2144 onere-

218 2186 265 2220 tur.
275 2197 307 2209 ·-
317 2171 369 2233 798.
381 2171 454 2216 Haud
463 2185 482 2216 e.
497 2171 554 2232 neg.
568 2195 599 2206 -
614 2185 668 2232 799.
682 2171 791 2215 Erectum
804 2169 874 2215 Goth.
891 2180 944 2214 tert.
962 2178 985 2214 et
1000 2169 1066 2215 deest
1082 2170 1160 2230 Bigot.
1173 2195 1207 2206 -
1221 2168 1269 2214 Boo.

218 2259 263 2308 que
278 2243 343 2288 abeat
355 2239 557 2286 barula-801.
573 2243 655 2287 tacims
666 2241 732 2288 Leid.
745 2242 791 2287 edit
799 2241 918 2288 Diomedia
928 2239 1028 2304 legerat,
1044 2243 1126 2304 sicque
1137 2241 1201 2286 Gud.
1215 2258 1227 2285 a
1238 2257 1271 2302 pr.

219 2329 264 2368 ιιι,
275 2311 339 2374 quod
351 2312 445 2372 copiose
459 2309 561 2358 illustrat
573 2312 653 2358 Heius.
664 2328 693 2358 ex
704 2324 783 2359 vetere
797 2313 872 2358 forma
883 2328 889 2357 z
904 2311 980 2367 edim,
992 2314 1024 2367 it,
1034 2313 1060 2356 it.
1072 2325 1101 2356 ne
1110 2309 1167 2356 mt'bl
1175 2309 1270 2357 Dorvill.

218 2407 250 2420 -·
259 2383 313 2428 θοι.
324 2384 384 2427 tristi
390 2395 427 2442 pr.
439 2382 521 2426 llamb.
534 2398 577 2445 pro
588 2399 637 2430 var.
650 2383 704 2430 lect.
716 2383 760 2430 τοῦ
770 2382 838 2429 dulci.
853 2382 929 2439 Male3
944 2395 968 2429 et
979 2382 1060 2428 similis
1069 2383 1146 2430 forma
1159 2384 1223 2446 apud
1232 2384 1271 2427 Ti-

218 2452 312 2502 bullum
324 2463 419 2496 notata:
433 2451 513 2496 Edidit
523 2451 570 2498 lroec
581 2452 645 2499 dalct'
655 2457 727 2499 trista
738 2453 806 2500 verba
814 2469 876 2500 sorta.
890 2456 963 2499 tristes
972 2451 1035 2498 dulci
1044 2453 1116 2499 Goth.
1129 2465 1184 2498 tert.
1200 2469 1273 2498 recurr-

218 2531 282 2580 sartt,
295 2531 411 2577 recusant,
423 2529 527 2568 recusent
537 2522 598 2581 (boc
613 2536 636 2570 et
647 2523 733 2571 Medic„
744 2542 758 2572 a
771 2541 802 2570 m.
818 2542 853 2588 pr.
863 2526 882 2584 l,
897 2533 1026 2579 recurrent,
1038 2524 1203 2570 aberrationes
1214 2522 1271 2586 apud

219 2665 350 2720 inflictum
370 2679 427 2720 erat
447 2668 543 2721 AEneoe.
561 2669 724 2742 Ambiguum
770 2683 828 2723 erat
850 2669 945 2722 vulnus
967 2671 1072 2734 AEneae,
1097 2679 1125 2718 et
1144 2666 1270 2718 hactenus

218 2765 279 2800 *esse
291 2759 396 2819 potest,
411 2748 500 2800 sintne
515 2747 652 2820 jungenda
664 2748 725 2800 vul·
770 2749 878 2802 vulnere
893 2750 984 2800 dicaam
996 2748 1115 2799 violatus
1132 2761 1191 2799 erat
1207 2762 1272 2796 mor-

219 2845 282 2879 nerc
294 2827 384 2878 divum
391 2847 400 2887 ,·
415 2825 541 2889 deorum
554 2839 584 2878 ut
596 2829 647 2894 sit,
665 2827 725 2880 vul·
770 2827 838 2880 talis.
849 2828 975 2898 Apertior
986 2829 1081 2896 utique
1091 2827 1226 2877 sententia
1234 2842 1272 2875 cs·

220 2908 350 2960 auratae
363 2905 484 2968 illatum
494 2911 531 2958 ita
541 2905 649 2960 vulnere
659 2927 726 2959 mor.
770 2920 829 2972 set,
847 2910 870 2958 si
885 2908 1013 2976 scriptum
1031 2907 1103 2958 foret
1120 2903 1256 2956 mortalem
1264 2925 1272 2964 ,-

221 2986 272 3038 tali
288 2987 389 3039 dictum
405 2989 456 3038 erit
475 3006 546 3038 nova
568 2990 723 3058 acceptione
770 3006 794 3038 v.
803 2989 835 3038 V.
843 2987 915 3038 Lect.
925 2985 1009 3050 victis,
1023 3003 1075 3055 pro
1084 2987 1174 3036 victo:
1189 3005 1221 3037 ex
1229 2985 1272 3035 de·
1318 3025 1319 3032 ,

220 3087 271 3138 pro
281 3067 391 3120 uulnere
401 3069 540 3119 mortifero
552 3087 559 3128 ς
573 3087 607 3119 an
619 3068 722 3132 divam,
769 3084 833 3117 coro
845 3067 945 3136 poetici
961 3067 1111 3132 sermonis,
1128 3085 1163 3117 ne
1178 3067 1208 3117 in
1218 3063 1272 3115 vnl-

222 3159 319 3217 quarto
334 3163 399 3197 casu
412 3159 567 3216 acceptum,
580 3147 658 3197 deum
670 3145 723 3198 ali·
767 3149 825 3217 gari
836 3145 946 3198 haereret
954 3167 961 3207 ;
978 3145 1052 3216 quod
1064 3148 1144 3198 toties
1159 3146 1271 3197 vidimus

222 3243 300 3295 quem
318 3225 412 3276 violari
433 3223 541 3278 vulnere
557 3224 683 3291 mortali,
706 3246 723 3280 a
767 3228 848 3278 etiam
874 3228 901 3276 in
923 3225 977 3277 hoc
1003 3225 1142 3298 enallages
1167 3246 1272 3298 genere.

219 3303 327 3356 mortali
339 3303 422 3354 illato.
432 3303 510 3356 Nunc
518 3305 722 3375 deumaccipies
767 3304 876 3358 attavis
888 3305 963 3357 nulla
975 3307 1053 3356 inest.
1064 3336 1101 3344 -
1109 3307 1172 3358 801.
1183 3307 1241 3358 Nec
1253 3317 1274 3358 te

220 3381 366 3452 aliquando
384 3383 523 3449 futurum,
541 3385 660 3437 AEneam.
682 3385 723 3436 lta
767 3383 828 3434 edat
842 3381 935 3444 dolor,·
951 3383 1034 3436 alias:
1049 3387 1172 3437 animum
1185 3399 1273 3446 tuum;

218 3479 282 3512 vern
294 3464 489 3532 argumentatio
502 3476 541 3514 est
552 3461 630 3514 valde
639 3463 720 3514 levis:
767 3475 797 3514 ut
817 3461 890 3514 Iliad.
908 3465 934 3530 ξ,
950 3480 999 3514 aon
1016 3451 1061 3517 dOr
1075 3464 1155 3529 θυμόι
1175 3465 1273 3518 wldar

218 3539 356 3610 indignam
369 3560 424 3592 rem
439 3559 512 3608 esse,
529 3543 637 3606 divam,
649 3543 724 3594 futu·
767 3556 794 3592 et
806 3541 866 3594 alia.
878 3543 908 3592 ln
920 3559 980 3613 sqq.
995 3545 1173 3598 turbatur-ab
1189 3549 1273 3618 Intpp.

217 3635 278 3667 rum
291 3616 387 3683 deum,
404 3619 510 3671 mortali
527 3619 634 3672 vulnere
642 3657 651 3684 ,
669 3621 721 3674 hoc
767 3622 946 3690 Putaturlesse
966 3621 1139 3677 adversativa
1153 3629 1275 3698 proposi·

219 3709 275 3760 est,
294 3715 312 3744 a
331 3696 438 3760 mortali
457 3697 533 3750 illato
552 3717 608 3750 csse
628 3700 719 3752 ictum.
767 3701 821 3762 tio;
838 3700 947 3750 etmihi
964 3719 1033 3753 curre
1050 3722 1122 3776 soepe
1142 3718 1192 3760 tuo
1208 3705 1275 3758 dulci
1318 3715 1319 3724 ¹

217 3775 302 3824 Immo
320 3792 385 3825 vero
403 3779 442 3826 vis
457 3777 660 3848 argumentandi
679 3798 721 3830 re-
767 3781 891 3833 tristcsex
907 3800 951 3832 ore
965 3797 1116 3852 mcursent,
1132 3790 1218 3840 immo
1235 3789 1276 3840 dc·

219 3856 300 3925 quirit
310 3853 362 3904 hoc
375 3878 380 3904 :
394 3875 410 3904 a
420 3856 467 3906 deo
478 3855 615 3908 mortalem
628 3857 721 3909 vulne·
765 3861 807 3912 fer
816 3861 850 3913 ad
863 3881 904 3914 me
916 3879 994 3914 curas
1008 3883 1039 3916 ac
1053 3869 1186 3936 querelas
1199 3888 1274 3940 saepe.

217 3932 273 3982 rari
286 3932 426 4002 indrynam
438 3944 481 3984 est.
495 3936 608 3994 lunonis
623 3936 719 3988 fraude
765 3938 807 3993 Sic
820 3941 876 3994 fere
888 3942 996 4008 Corda,
1007 3944 1049 3996 Ita
1058 3964 1127 3998 vero
1138 3953 1229 4002 ormo
1237 3951 1277 4002 fri.

217 4029 266 4077 per
282 4011 424 4062 ⁸luturnam
436 4008 519 4076 (vert.
531 4011 598 4081 814)
615 4013 720 4068 illatum
764 4032 808 4090 get
814 4022 966 4082 ;enimvero
975 4025 1168 4080 estreiteratio
1177 4043 1276 4083 antece
