2690 4596
372 295 436 362 AD
460 299 661 366 LIBRUM
683 303 771 369 Xll.
1032 311 1094 402 395

50 428 178 490 tanquam
189 437 235 472 res
249 417 312 474 fidei
323 420 552 491 exploratissimae,
566 440 746 494 necunquam
762 427 790 480 in
805 433 1037 498 mantem·veniat,
1050 433 1118 492 ho-.

50 513 108 548 rum
118 501 282 570 scriptorum
292 497 371 550 fidem
382 501 410 550 in
419 498 460 552 his
473 519 521 570 per
533 519 561 554 se
571 519 628 554 esse
637 503 752 567 nullam;
766 505 884 577 pendere
896 527 955 562 eam
973 523 1056 566 totam
1066 529 1099 564 ex

51 577 263 646 antiquioribus,
275 575 370 628 horum
384 589 472 630 autem
483 579 562 634 fidem
571 580 605 632 ab
615 582 646 632 iis
659 588 851 652 monumentis,
866 606 924 658 quae
934 603 994 644 ante
1007 591 1099 652 oculos

49 653 184 724 habuere,
197 670 246 712 aut
258 677 273 710 a
285 657 415 728 majorum
425 659 493 726 tide,
506 679 586 732 quam
597 675 773 734 propagatam
789 683 838 736 per
855 669 934 738 plura
943 671 1040 727 sarcula
1057 687 1101 723 ac·

50 752 185 808 ceperunt.
200 739 285 810 Atqui
296 758 375 793 nemo
390 759 432 792 res
444 742 577 796 Romanas
590 746 755 815 consignavit
768 745 851 800 literis
868 763 929 802 ante
948 764 1048 805 sextum
1066 752 1100 804 ab

50 813 81 864 U.
95 814 124 867 C.
138 818 280 882 saeculum
294 833 319 871 et
331 833 532 874 monumentum
548 824 680 893 superfuit
690 825 734 877 vix
746 843 827 878 unum
844 841 870 880 et
886 828 1012 896 alterum,
1029 829 1102 900 quod

50 895 188 950 incensam
201 919 219 951 a
232 899 315 952 Gallis
327 901 438 952 Romam
448 900 498 972 (U.
511 901 540 954 C.
554 903 624 975 364)
633 917 708 958 atate
721 920 867 977 superaret.
880 908 946 962 Sunt
956 921 1045 962 tamen
1059 927 1103 961 an·

51 978 91 1027 nis
99 979 420 1050 comprehendendahoec
428 1001 486 1052 quae
495 996 690 1050 narratasunt,
700 998 729 1037 ut
739 987 833 1040 saltem
844 1001 979 1042 teneamus
988 1009 1034 1056 ea,
1044 1008 1103 1061 quas

50 1055 129 1127 vulgo
141 1062 264 1116 evenisse
277 1059 390 1112 credidit
401 1063 563 1133 antiquitas,
575 1075 602 1114 et
614 1081 728 1134 quorum
740 1079 871 1120 summam
882 1069 1001 1138 proxime
1013 1066 1049 1121 ad
1060 1085 1102 1119 ve·

49 1136 154 1190 ritatem
166 1138 297 1195 accedere
309 1157 387 1192 nemo
400 1156 480 1192 sanus
491 1139 606 1193 dubitet.

286 1403 863 1567 'Excuasus1v„
963 1417 1044 1428 ‘'

408 1628 597 1716 Darapsa
607 1629 742 1724 mean,

86 1788 152 1856 Xll,
172 1789 236 1858 391.
248 1789 370 1861 ..lamque
390 1789 481 1840 aderat
498 1789 596 1844 Plato
615 1801 677 1842 ante
699 1789 766 1843 alios
784 1788 893 1844 dilectiss
908 1792 981 1862 Iapis
996 1793 1102 1848 Iasides.

54 1865 246 1933 suavissimus,
259 1868 305 1936 qui
315 1870 484 1939 sequitur,·et
493 1868 692 1922 laudatissimus
703 1881 743 1922 est
751 1869 826 1920 locus
836 1869 870 1920 de
881 1869 974 1940 lapide
985 1872 1105 1940 medico,

54 1944 104 1997 hoc
117 1959 172 2010 est,
191 1945 334 2015 chirurgo,
352 1945 443 2015 qualos
458 1948 554 1998 veteris
571 1949 620 1998 tevi
636 1959 712 1998 erant
726 1946 809 2014 inupti.
823 1948 959 2018 Insignem
976 1950 1000 2001 ei
1016 1950 1103 2003 lucem

54 2025 141 2077 attulit
155 2023 300 2088 Moalsun,
315 2023 485 2076 doctissimus
502 2025 640 2090 medicus,
657 2027 685 2076 in
702 2025 826 2097 catalogo
842 2027 989 2097 imaginum
1004 2028 1103 2081 celebr.

54 2105 180 2158 medicor.
203 2104 254 2176 (V
251 2101 403 2156 emicante
425 2104 499 2156 einer
523 2103 680 2177 Summlunq
704 2124 755 2157 non
781 2103 931 2158 Bildstissen
956 2107 1107 2161 lteriiltmter

55 2183 181 2259 Aertse),
194 2186 242 2239 ubi
255 2203 316 2255 pag.
330 2200 380 2253 2²7
393 2183 508 2248 ttondit,
525 2184 592 2238 clari
603 2187 731 2256 pictoris,
748 2185 869 2238 tabulam
881 2186 1014 2254 illustrat,
1030 2191 1105 2260 cujus
1119 2192 1121 2196 '

55 2278 242 2336 argumentum
261 2275 301 2316 est
313 2264 409 2316 AEneas
428 2262 462 2316 ab
479 2263 572 2337 lapide
590 2277 708 2318 sanatus.
728 2265 874 2317 Antonium
891 2267 1013 2330 Musam,
1031 2271 1106 2340 cujus

56 2358 139 2398 artem
156 2345 272 2418 Augusti
291 2343 416 2398 valetudo
436 2357 576 2418 tantopere
593 2346 752 2413 celebravit,
771 2346 821 2398 sub
841 2346 928 2400 aliena
945 2367 1061 2420 persona
1077 2363 1107 2404 ut

55 2423 195 2495 laudaret,
213 2426 355 2479 consilium
371 2426 453 2478 fuisse
464 2427 585 2494 Maroni,
600 2429 751 2500 suspicatus
768 2440 808 2480 est
823 2429 917 2480 Frauc.
933 2431 1106 2485 Atterburius

56 2503 84 2556 iu
96 2504 160 2558 diss.
173 2508 275 2560 inserta
286 2505 397 2577 Virgilio
405 2505 516 2578 Anglies
528 2505 647 2570 reddito,
658 2521 687 2560 et
699 2527 715 2561 a
725 2511 859 2563 Wartono
870 2521 963 2560 curato
975 2509 1051 2562 Tom;
1061 2513 1105 2562 lv.

57 2584 98 2636 Fit
110 2598 200 2642 tamen
212 2586 265 2638 laoc
277 2603 372 2656 pamm
384 2587 541 2653 verisimile,
552 2591 716 2659 omninoque
727 2607 823 2659 parum
835 2589 945 2660 probari
957 2606 1036 2660 posse
1047 2609 1109 2642 cen·

55 2681 101 2716 seo
111 2683 197 2737 genus
209 2665 262 2718 hoe
277 2665 413 2721 referendi
430 2666 491 2718 loca
504 2681 645 2737 poetarum
657 2668 692 2719 ad
706 2680 792 2720 certos
808 2667 929 2720 homines
944 2685 993 2738 per
1007 2669 1109 2740 allego-

58 2744 123 2796 riam
140 2758 167 2799 et
190 2744 356 2798 allusionem.
374 2743 478 2798 Sufficit
494 2759 602 2815 poetam
621 2745 741 2815 lapidem
755 2762 832 2797 suam
852 2745 886 2796 ad
905 2747 1107 2798 Homericorum

59 2825 225 2880 medicorum
232 2825 351 2895 exempla
360 2823 670 2878 induxissesanasurita
677 2823 1073 2877 aMaoltaoneMeuelauslliad.
1082 2827 1107 2890 d,

59 2919 116 2957 ano.
130 2907 182 2958 213
196 2920 253 2973 sqq.
264 2939 273 2968 ,
286 2904 333 2972 qui
344 2902 435 2967 locus,
447 2917 501 2954 ana
520 2921 580 2956 cum
594 2903 679 2956 altero
691 2901 766 2953 Iliad.
779 2917 811 2966 a,
831 2901 898 2968 843,
915 2902 962 2953 ubi
979 2903 1108 2976 Eurypyli

59 2985 162 3039 vulneri
171 2981 312 3036 Patroclus
328 2978 466 3047 medetur,
483 2983 595 3054 Virgilio
612 2995 674 3034 ante
690 2981 783 3033 oculos
800 2982 926 3034 luerunt:
941 2981 1010 3035 adds
1025 2982 1058 3034 iis
1075 3002 1108 3036 ea

58 3061 135 3127 loca,
148 3058 393 3133 inquilinatum
409 3060 542 3114 vulnerati
554 3060 597 3113 dei
610 3061 721 3131 alicujus
733 3061 885 3113 interventu
896 3073 1066 3126 recreantur,
1081 3076 1108 3115 et

58 3143 299 3198 vulnusrsanaturt
319 3152 349 3194 ut
365 3142 466 3194 Hector
479 3140 555 3193 Iliad.
568 3161 579 3191 s
588 3177 598 3206 ,
616 3140 667 3193 236
678 3157 753 3211 sqq.,
769 3139 886 3192 Glaucus
902 3139 979 3192 lliad.
996 3161 1035 3206 rr,
1053 3140 1104 3212 ⁵²7

60 3239 137 3294 sqq.,
150 3235 177 3276 et
189 3225 246 3295 ipso
256 3209 354 3276 AEaeas
363 3221 441 3274 lliad.
458 3241 486 3286 s,
503 3221 563 3275 318:
581 3220 642 3288 344.
660 3221 826 3272 ornamenta
844 3233 932 3272 autem
948 3221 1025 3272 Maro
1042 3239 1108 3274 con·

62 3303 170 3372 quisivit
191 3301 327 3372 ingeniose·
346 3319 381 3356 ac,
401 3299 550 3373 diligenter.
571 3298 708 3351 timasium
724 3296 808 3350 edidit
826 3297 958 3369 Apollinis
977 3299 1105 3369 lapidem.

58 3382 242 3434 Amatisenim
257 3389 312 3436 ltse
325 3383 416 3452 pueris
428 3394 455 3434 et
466 3380 562 3453 puellis
574 3397 637 3432 suas
648 3390 718 3430 artes
730 3396 799 3450 sape
812 3392 858 3431 aut
869 3379 1042 3452 promittunt,
1059 3393 1106 3432 aut

61 3460 212 3532 largiuntur.
222 3459 261 3512 dii
271 3460 343 3532 apud
356 3475 467 3534 poetas3
481 3479 536 3512 non
549 3461 659 3512 insum
669 3458 840 3530 figmentum,
861 3455 966 3528 quoties
978 3457 1106 3512 excellere

63 3539 179 3611 aliquem
190 3544 219 3593 in
237 3554 292 3593 arte
311 3559 360 3595 sua
378 3541 467 3596 dicere
483 3540 579 3594 voluat
594 3551 700 3610 poetae3
717 3557 767 3609 pro
781 3555 835 3609 quo
848 3537 983 3590 aliis'locis
995 3549 1107 3592 conten·

63 3617 132 3672 disse
144 3639 205 3674 eum
222 3639 282 3672 nim
294 3620 346 3673 dso
360 3620 449 3694 dicare
466 3620 561 3673 solent.
580 3619 651 3671 lllud
666 3637 729 3672 vero
741 3619 870 3690 preclare
881 3618 998 3682 factum,
1017 3617 1107 3688 quod,

65 3715 145 3768 quum
157 3719 252 3753 caussa
264 3703 381 3773 optionis
393 3715 462 3754 esset
472 3699 660 3764 memoranda,
668 3717 717 3750 cur
725 3698 797 3769 Iapis
805 3710 888 3751 anem
900 3697 1032 3750 medicam
1041 3717 1109 3770 pras·

63 3779 167 3833 tulisset
183 3782 284 3834 artibus
302 3781 468 3854 augurandi,
487 3781 590 3834 cithara
607 3779 722 3832 canendi
739 3793 766 3831 et
777 3778 934 3848 jaculandi,
955 3778 988 3831 ab
1006 3779 1106 3832 allecta

62 3858 168 3927 pietatis
179 3880 238 3913 cam
253 3863 330 3932 petiit
341 3875 438 3932 poeta;
454 3871 485 3912 ut
497 3861 608 3932 depositi
617 3859 748 3931 proferret
760 3859 823 3929 fata
838 3859 962 3930 parentis.
976 3859 1016 3910 De
1028 3859 1108 3911 mat&

61 3936 160 4006 artibus
172 3953 198 3991 et
209 3939 340 3992 medicina
350 3977 358 4004 ‚
368 3950 442 3991 mata
453 3949 524 4005 arte,
536 3939 620 3992 multa
631 3938 768 4010 disputata
779 3951 839 3990 sunt
853 3959 860 4000 ;
872 3936 1001 4008 pleraque
1013 3948 1107 4007 argute

64 4018 146 4087 mgis
159 4037 240 4091 quant
249 4021 401 4090 amellam
410 4021 544 4092 silentium
556 4018 718 4076 medicorum
731 4037 762 4072 es
771 4017 949 4090 jurejurando
960 4017 1109 4086 Hippocra-
