2690 4596
210 277 276 363 376
457 269 1005 337 1111111111111111101111

207 399 283 464 Uno
297 395 482 485 eodemque
494 394 569 460 tulit
581 411 691 483 partu,
705 393 906 483 paribusque
918 397 1060 462 revinxit

207 506 403 592 Serpentum
417 502 527 591 spiris,
541 517 760 588 ventosasque
773 498 903 564 addidit
913 501 989 566 alas.

207 613 288 676 Haec
300 611 392 674 lovis
404 607 447 672 ad
459 608 596 688 solium,
608 607 753 696 saevique
766 606 800 671 in
812 607 927 671 limine
940 607 1040 695 regis,

207 715 390 804 Adparent,
403 731 594 803 acuuntque
606 729 733 778 metum
745 713 939 780 mortalibus
952 715 1062 802 aegris,

208 824 240 888 si
253 821 388 912 quando
400 820 503 885 letum
516 820 709 886 horrificum
720 819 922 910 morbosque
936 818 1038 885 deum
1049 842 1109 886 rex

207 929 361 1009 Molitus,
374 927 505 992 meritas
518 945 574 992 aut
586 925 675 992 bello
687 927 815 992 territat
825 925 929 992 urbis.

209 1039 337 1101 Harum
349 1058 449 1100 unam
461 1034 603 1099 celerem
616 1033 748 1097 demisit
759 1031 800 1097 ab
814 1033 938 1098 ae‘tbere
950 1055 1081 1098 summo

208 1143 227 1209 J
230 1143 376 1230 uppiter,
389 1141 492 1230 inque
505 1163 603 1206 omen
615 1141 634 1203 J
637 1156 765 1206 uturnae
779 1161 953 1205 occurrere
961 1139 1071 1229 jussit.

210 1251 269 1313 llla
282 1249 385 1327 volat,
398 1248 565 1337 celerique
577 1246 619 1311 ad
632 1262 753 1312 terram
765 1246 898 1310 turbine
910 1247 1035 1310 fertur:
1219 1261 1261 1309 855
1319 1223 1320 1234 .

210 1357 284 1421 Non
298 1377 408 1434 essue,
420 1377 459 1419 ac
470 1376 574 1419 nervo
586 1376 647 1442 per
658 1352 783 1419 nubem
796 1351 926 1440 inpulsa
939 1352 1069 1439 sagitta,

241 1513 294 1578 847.
310 1513 387 1560 Unam
398 1511 464 1558 Leid.
484 1512 574 1558 redusit
588 1513 681 1576 lingen-
692 1537 724 1552 -··
735 1510 788 1574 819.
806 1513 880 1568 Here,
895 1512 1023 1558 aberratur·
1040 1523 1147 1575 sevoque
1157 1511 1225 1558 Leid.
1243 1524 1266 1560 et

210 1588 262 1632 Par.
279 1585 311 1630 ad
324 1584 400 1630 limita
415 1582 474 1630 alter
488 1583 581 1646 Menag.
601 1584 699 1630 Osdart.
719 1583 825 1630 Parthas.
844 1609 875 1620 -
894 1583 947 1630 851.
967 1582 1082 1646 horrificos
1098 1583 1171 1630 morb.
1195 1584 1263 1630 Goth.

210 1675 245 1721 pr.
258 1683 289 1692 -
302 1656 355 1702 851.
371 1658 504 1718 meritosque
518 1654 624 1702 Perrhae.
646 1672 673 1702 ac
692 1654 750 1702 bello
768 1655 933 1703 Gna-sss.
947 1658 1043 1702 demittit
1056 1655 1148 1704 editum
1163 1658 1265 1721 ubique,

210 1740 324 1794 quantum
340 1727 422 1783 video,
439 1741 493 1773 ante
507 1725 659 1784 Commelin.‚
672 1731 713 1791 qui
728 1730 817 1791 primus
831 1729 943 1776 demisite
957 1727 1031 1774 Palat.
1045 1727 1136 1785 edidit,
1151 1732 1192 1776 cui
1205 1733 1264 1776 Pier.
1324 1778 1325 1784 ,

212 1814 234 1848 et
246 1803 296 1846 Nic.
313 1801 402 1846 Heinsii
418 1799 488 1845 codd.
504 1799 638 1862 adstipulrti
650 1812 712 1846 sunt.
723 1801 750 1846 111
763 1800 884 1847 nonnullis
896 1801 996 1846 dimisit:
1010 1817 1046 1864 pr.
1058 1801 1146 1848 Moret.
1159 1803 1264 1847 diritittit:

210 1871 305 1918 tandem
315 1887 350 1934 pr.
364 1872 446 1918 llamb.
458 1887 548 1918 summo
563 1873 652 1919 demisit
669 1872 772 1936 Olympo.
784 1899 816 1909 -
826 1869 879 1920 856.
893 1889 908 1918 a
919 1887 987 1919 nemo
1003 1873 1058 1919 Ere.
1078 1875 1159 1919 Burm.
1170 1889 1186 1919 a
1199 1889 1265 1919 vemo
1325 1899 1326 1916 .

211 1941 325 1988 Montalb.

212 2075 271 2126 AEn.
284 2077 346 2142 Vll,
364 2077 424 2130 331.
437 2077 488 2142 VI,
508 2076 559 2130 250
575 2077 715 2140 ediderat;
761 2091 788 2128 et
801 2075 906 2130 Achille
918 2093 1085 2147 congresso:
1103 2075 1165 2130 dure
1184 2079 1265 2128 unin-

213 2155 284 2206 idem
296 2155 411 2227 AEschyl.
426 2156 446 2208 l.
459 2176 481 2208 c.
496 2158 557 2224 419.
570 2157 651 2226 Quod
662 2177 719 2210 unu
762 2175 815 2228 que
827 2148 935 2210 adstant
946 2157 1029 2224 stre:

211 2245 291 2305 partu
301 2235 383 2286 editas
394 2229 474 2298 facis,
485 2238 576 2290 neseio
588 2230 621 2290 an
634 2238 718 2290 aliun·
762 2235 830 2288 notet
845 2235 872 2285 δ’
894 2233 1045 2305 inscriptura
1065 2236 1132 2293 θοός
1155 2232 1265 2305 indepti

214 2314 247 2366 de
257 2314 398 2382 acceperit.
407 2343 442 2352 -
451 2312 512 2381 817.
525 2316 634 2384 paribus
645 2337 653 2366 :
665 2336 716 2387 pro
797 2313 916 2385 sepinas

213 2393 330 2463 pariter,
341 2394 402 2461 pari
415 2411 506 2446 omnes
515 2393 605 2445 modo.
616 2397 656 2448 De
667 2396 716 2448 alis
762 2395 837 2464 Kipts.
857 2395 960 2466 iptprsir
972 2395 1015 2462 μὲν
1030 2396 1072 2458 ists
1087 2394 1145 2450 teari
1159 2394 1266 2463 Miratus

214 2472 249 2524 cf.
259 2473 317 2522 AEn.
326 2472 382 2535 Vll,
392 2469 452 2524 561.
461 2483 576 2524 ventosas
582 2471 638 2525 aias
644 2493 716 2526 novo
796 2477 861 2539 iios,

215 2549 348 2622 epitheto,
368 2551 443 2621 quod
455 2552 593 2603 notionem
610 2556 716 2624 magni·
762 2556 1206 2628 1111181111ἀμφ”ΛχιλῖιΜφρονι

209 2629 313 2682 1111111111
325 2629 427 2682 alarum
440 2642 466 2684 et
476 2633 602 2684 concitati
611 2632 718 2686 volatus
796 2638 845 2692 lib.
855 2640 893 2702 11,
907 2638 956 2692 sub
969 2636 1059 2690 linem.

214 2709 314 2764 habet:
330 2730 392 2762 nam
410 2713 431 2762 is
449 2724 558 2764 ventum
570 2726 668 2764 movet.
682 2744 718 2758 -··
762 2718 857 2771 -855.
866 2719 1061 2788 turbinesimpl.
1068 2731 1203 2789 promotu
1209 2738 1265 2792 sup.

216 2790 276 2860 849:
289 2791 350 2843 saevi
362 2813 371 2840 .·
387 2790 525 2862 epitheton
538 2791 565 2844 11.
578 2793 596 2844 1.
612 2813 718 2848 accom·
762 2797 814 2852 310
823 2811 849 2852 et
856 2797 917 2851 531.
926 2798 1007 2850 Volat
1013 2799 1265 2871 Megaeratanqnam

215 2870 354 2922 nodatum
374 2871 454 2923 rebus
479 2891 510 2923 an
533 2874 717 2943 temporibus,
762 2882 859 2952 sagitta
879 2898 943 2931 areu
964 2881 1068 2932 emissa.
1086 2897 1137 2950 per
1153 2882 1266 2946 nubem,

217 2949 313 3020 quibus
323 2952 463 3002 Furiarum
476 2952 623 3004 ministerio
635 2955 718 3006 utitur
764 2971 842 3030 suget
854 2957 1027 3030 phantasma,
1040 2976 1092 3029 pro
1105 2979 1155 3030 per
1169 2979 1266 3012 aerem.

215 3031 335 3101 Jupiter,
348 3051 430 3102 quum
442 3034 573 3084 irascitur.
582 3033 720 3105 Apparent
763 3039 874 3091 Parthos
884 3041 986 3111 sagittis
999 3043 1139 3092 venenatis
1152 3059 1215 3092 usos
1228 3061 1268 3094 es-

216 3129 267 3162 vox
279 3114 405 3183 propria,
422 3111 458 3164 de
473 3114 634 3181 ministerio,
646 3115 718 3170 unde
764 3137 805 3183 se,
820 3119 907 3171 firmat
926 3118 1033 3170 Servius
1054 3119 1158 3172 Lucani
1176 3135 1269 3173 aueto-

218 3192 718 3262 apparitores.-850.h.terrentmor·
763 3201 842 3253 ritate
858 3201 904 3252 lib.
922 3201 994 3265 Vlll,
1014 3200 1076 3252 303.
1098 3199 1159 3268 304.
1177 3203 1268 3256 Verba

215 3272 282 3324 tales
299 3276 419 3325 miseros.
429 3304 464 3314 -
475 3272 536 3326 851.
553 3275 613 3329 851.
628 3277 717 3350 Argu·
762 3282 881 3332 Maronis
894 3283 1024 3350 expressit
1036 3281 1117 3334 Silius
1128 3281 1177 3334 lib.
1190 3283 1278 3348 xm,

217 3357 377 3424 tantur,qui
390 3355 529 3406 Furiarum
541 3374 652 3410 munera
664 3357 719 3410 dis·
765 3377 821 3431 ¹97·
848 3362 905 3432 198.
928 3361 970 3412 An
988 3360 1096 3427 Cretes,
1115 3381 1148 3414 ex
1169 3364 1268 3433 quihus

215 3444 341 3501 pescunt;
366 3446 392 3484 et
410 3433 576 3504 Tisiphonen
593 3437 715 3504 morbos,
762 3440 883 3512 Cydones
894 3439 1035 3509 sunt(vid.
1048 3442 1158 3493 Homer.
1170 3442 1268 3515 Odyss.

217 3509 311 3560 Alecto
328 3509 415 3578 bella,
433 3526 460 3566 et
472 3515 614 3586 Megaeram
633 3515 717 3570 letum
760 3542 789 3586 e,
805 3521 868 3590 176,
881 3533 907 3572 et
917 3539 948 3586 y,
963 3537 1029 3590 191,
1040 3539 1058 3572 a
1070 3522 1170 3591 quibus
1183 3522 1270 3594 Cydo-

216 3588 357 3640 immittere
373 3593 455 3643 aiunt.
691 3653 695 3660 ,
761 3601 807 3651 nia
825 3600 921 3670 urbs),
939 3599 1070 3653 medicari
1089 3601 1145 3654 tela
1162 3621 1268 3658 veneno

253 3663 312 3716 853·
338 3686 428 3720 unam.
453 3671 543 3736 Quum
568 3686 650 3743 poeta
674 3676 718 3726 vix
763 3678 835 3732 soliti
846 3679 959 3743 fuerint,
973 3691 1132 3751 constetque
1145 3701 1179 3734 ee
1192 3682 1226 3735 de
1239 3703 1269 3734 re

217 3743 327 3814 dignum
340 3746 387 3809 sit,
405 3748 540 3802 indefinite
552 3750 642 3823 loqui,
657 3754 717 3806 Me·
762 3757 884 3824 aliunde,
896 3759 1070 3829 ignorabam:
1081 3773 1224 3814 esttamen
1234 3763 1269 3815 al·

217 3841 313 3893 geram
332 3821 483 3896 designasse
507 3828 636 3884 dicendus
659 3846 715 3886 est:
761 3851 802 3891 ter
811 3839 886 3891 locus
897 3858 940 3910 ap.
953 3840 1063 3891 Lucian.
1075 3841 1183 3912 Nigr-in.
1195 3844 1227 3894 T.
1236 3845 1269 3909 ll,

217 3900 393 3954 unamillam.
409 3905 718 3983 Aliomodoscenaap·
761 3936 824 3988 pag.
848 3935 896 3988 79,
919 3919 967 3970 ubi
987 3917 1022 3970 ad
1044 3918 1072 3970 h.
1096 3920 1113 3970 l.
1137 3935 1270 3992 provocat

217 3994 328 4052 paratur
347 4001 389 4055 sp.
410 3985 554 4055 Quintum,
572 3991 716 4046 Memnone
761 3997 941 4052 llemsterhus.
961 3999 993 4050 ln
1009 3999 1156 4054 venatione
1173 4003 1271 4058 saltem
