<?xml version="1.0" encoding="UTF-8"?>
<!DOCTYPE html PUBLIC "-//W3C//DTD XHTML 1.0 Transitional//EN"
    "http://www.w3.org/TR/xhtml1/DTD/xhtml1-transitional.dtd">
<html xmlns="http://www.w3.org/1999/xhtml" xml:lang="en" lang="en">
 <head>
  <title>
</title>
<meta http-equiv="Content-Type" content="text/html;charset=utf-8" />
  <meta name='ocr-system' content='tesseract 3.04.00' />
  <meta name='ocr-capabilities' content='ocr_page ocr_carea ocr_par ocr_line ocrx_word'/>
</head>
<body>
  <div class='ocr_page' id='page_1' title='image "./pvirgiliusmaroq03barbgoog_0450.png"; bbox 0 0 2690 4596; ppageno 0'>
   <div class='ocr_carea' id='block_1_1' title="bbox 218 281 930 366">
    <p class='ocr_par' dir='ltr' id='par_1_1' title="bbox 218 281 930 366">
     <span class='ocr_line' id='line_1_1' title="bbox 218 281 930 366; baseline 0.001 -18"><span class='ocrx_word' id='word_1_1' title='bbox 218 283 280 366; x_wconf 63' lang='lat' dir='ltr'>iss</span> <span class='ocrx_word' id='word_1_2' title='bbox 547 281 758 348; x_wconf 74' lang='lat' dir='ltr'>nitram</span> <span class='ocrx_word' id='word_1_3' title='bbox 782 283 930 350; x_wconf 78' lang='lat' dir='ltr'>raon</span> 
     </span>
    </p>
   </div>
   <div class='ocr_carea' id='block_1_2' title="bbox 209 403 1266 2302">
    <p class='ocr_par' dir='ltr' id='par_1_2' title="bbox 215 403 1206 494">
     <span class='ocr_line' id='line_1_2' title="bbox 215 403 1206 494; baseline 0.002 -22"><span class='ocrx_word' id='word_1_4' title='bbox 215 407 307 472; x_wconf 88' lang='lat' dir='ltr'>Mille</span> <span class='ocrx_word' id='word_1_5' title='bbox 320 406 422 485; x_wconf 89' lang='lat' dir='ltr'>viros,</span> <span class='ocrx_word' id='word_1_6' title='bbox 436 403 493 494; x_wconf 90' lang='lat' dir='ltr'>qui</span> <span class='ocrx_word' id='word_1_7' title='bbox 505 404 709 472; x_wconf 89' lang='lat' dir='ltr'>Dardanium</span> <span class='ocrx_word' id='word_1_8' title='bbox 722 407 922 472; x_wconf 84' lang='lat' dir='ltr'><strong>comitentur</strong></span> <span class='ocrx_word' id='word_1_9' title='bbox 932 405 974 472; x_wconf 90' lang='lat' dir='ltr'>ad</span> <span class='ocrx_word' id='word_1_10' title='bbox 987 407 1109 476; x_wconf 86' lang='lat' dir='ltr'>urbem</span> <span class='ocrx_word' id='word_1_11' title='bbox 1203 469 1206 474; x_wconf 91' lang='lat'>.</span> 
     </span>
    </p>

    <p class='ocr_par' dir='ltr' id='par_1_3' title="bbox 215 511 1265 606">
     <span class='ocr_line' id='line_1_3' title="bbox 215 511 1265 606; baseline 0 -28"><span class='ocrx_word' id='word_1_12' title='bbox 215 515 402 602; x_wconf 78' lang='lat' dir='ltr'><strong>Spectatum</strong></span> <span class='ocrx_word' id='word_1_13' title='bbox 416 513 536 578; x_wconf 87' lang='lat' dir='ltr'>virtute</span> <span class='ocrx_word' id='word_1_14' title='bbox 549 511 684 590; x_wconf 71' lang='lat' dir='ltr'>ducem,</span> <span class='ocrx_word' id='word_1_15' title='bbox 695 512 873 602; x_wconf 75' lang='lat' dir='ltr'>jungitque</span> <span class='ocrx_word' id='word_1_16' title='bbox 885 530 1016 601; x_wconf 80' lang='lat' dir='ltr'>togatos</span> <span class='ocrx_word' id='word_1_17' title='bbox 1222 531 1265 606; x_wconf 26' lang='lat'><strong>3¹¹⁰</strong></span> 
     </span>
    </p>

    <p class='ocr_par' dir='ltr' id='par_1_4' title="bbox 212 619 1010 686">
     <span class='ocr_line' id='line_1_4' title="bbox 212 619 1010 686; baseline 0.003 -2"><span class='ocrx_word' id='word_1_18' title='bbox 212 620 318 684; x_wconf 87' lang='lat' dir='ltr'>Multa</span> <span class='ocrx_word' id='word_1_19' title='bbox 331 635 477 684; x_wconf 88' lang='lat' dir='ltr'>oratores</span> <span class='ocrx_word' id='word_1_20' title='bbox 490 640 676 684; x_wconf 87' lang='lat' dir='ltr'>memorans</span> <span class='ocrx_word' id='word_1_21' title='bbox 689 639 696 680; x_wconf 91' lang='lat'>:</span> <span class='ocrx_word' id='word_1_22' title='bbox 710 634 744 682; x_wconf 90' lang='lat' dir='ltr'>et</span> <span class='ocrx_word' id='word_1_23' title='bbox 755 619 909 684; x_wconf 89' lang='lat' dir='ltr'>euntibus</span> <span class='ocrx_word' id='word_1_24' title='bbox 922 621 1010 686; x_wconf 85' lang='lat' dir='ltr'>ultro</span> 
     </span>
    </p>

    <p class='ocr_par' dir='ltr' id='par_1_5' title="bbox 213 724 1131 815">
     <span class='ocr_line' id='line_1_5' title="bbox 213 724 1131 815; baseline 0.008 -27"><span class='ocrx_word' id='word_1_25' title='bbox 213 727 371 813; x_wconf 80' lang='lat' dir='ltr'>Imperat,</span> <span class='ocrx_word' id='word_1_26' title='bbox 385 743 422 789; x_wconf 90' lang='lat' dir='ltr'>ut</span> <span class='ocrx_word' id='word_1_27' title='bbox 434 724 568 814; x_wconf 93' lang='lat' dir='ltr'>quaudo</span> <span class='ocrx_word' id='word_1_28' title='bbox 580 725 748 812; x_wconf 83' lang='lat' dir='ltr'>auspiciis,</span> <span class='ocrx_word' id='word_1_29' title='bbox 762 727 965 815; x_wconf 86' lang='lat' dir='ltr'>monitisque</span> <span class='ocrx_word' id='word_1_30' title='bbox 978 729 1131 794; x_wconf 77' lang='lat' dir='ltr'>Deorum</span> 
     </span>
    </p>

    <p class='ocr_par' dir='ltr' id='par_1_6' title="bbox 212 829 1044 919">
     <span class='ocr_line' id='line_1_6' title="bbox 212 829 1044 919; baseline 0.001 -24"><span class='ocrx_word' id='word_1_31' title='bbox 212 833 391 919; x_wconf 87' lang='lat' dir='ltr'>Trojanam</span> <span class='ocrx_word' id='word_1_32' title='bbox 403 831 541 896; x_wconf 89' lang='lat' dir='ltr'>miscere</span> <span class='ocrx_word' id='word_1_33' title='bbox 555 829 637 896; x_wconf 90' lang='lat' dir='ltr'>ltalo</span> <span class='ocrx_word' id='word_1_34' title='bbox 648 853 725 894; x_wconf 91' lang='lat' dir='ltr'>cum</span> <span class='ocrx_word' id='word_1_35' title='bbox 737 831 896 918; x_wconf 78' lang='lat' dir='ltr'>sangiune</span> <span class='ocrx_word' id='word_1_36' title='bbox 909 849 1044 918; x_wconf 78' lang='lat' dir='ltr'>gentem</span> 
     </span>
    </p>

    <p class='ocr_par' dir='ltr' id='par_1_7' title="bbox 214 936 1155 1026">
     <span class='ocr_line' id='line_1_7' title="bbox 214 936 1155 1026; baseline -0.001 -24"><span class='ocrx_word' id='word_1_37' title='bbox 214 937 388 1026; x_wconf 80' lang='lat' dir='ltr'>Expediet,</span> <span class='ocrx_word' id='word_1_38' title='bbox 403 936 532 1026; x_wconf 91' lang='lat' dir='ltr'>placido</span> <span class='ocrx_word' id='word_1_39' title='bbox 545 936 696 1000; x_wconf 76' lang='lat' dir='ltr'>intersint</span> <span class='ocrx_word' id='word_1_40' title='bbox 708 936 886 1025; x_wconf 86' lang='lat' dir='ltr'>animoque</span> <span class='ocrx_word' id='word_1_41' title='bbox 897 939 1058 1019; x_wconf 83' lang='lat' dir='ltr'>revisant,</span> <span class='ocrx_word' id='word_1_42' title='bbox 1153 995 1155 1001; x_wconf 82' lang='grc'>,</span> 
     </span>
    </p>

    <p class='ocr_par' dir='ltr' id='par_1_8' title="bbox 212 1013 1328 1254">
     <span class='ocr_line' id='line_1_8' title="bbox 212 1044 1263 1136; baseline -0.003 -25"><span class='ocrx_word' id='word_1_43' title='bbox 212 1045 440 1136; x_wconf 85' lang='lat' dir='ltr'>AEneadasque</span> <span class='ocrx_word' id='word_1_44' title='bbox 453 1044 575 1110; x_wconf 86' lang='lat' dir='ltr'>vehant</span> <span class='ocrx_word' id='word_1_45' title='bbox 586 1045 649 1109; x_wconf 89' lang='lat' dir='ltr'>alta</span> <span class='ocrx_word' id='word_1_46' title='bbox 662 1045 746 1108; x_wconf 92' lang='lat' dir='ltr'>iutra</span> <span class='ocrx_word' id='word_1_47' title='bbox 760 1046 879 1110; x_wconf 79' lang='lat' dir='ltr'>rutenia</span> <span class='ocrx_word' id='word_1_48' title='bbox 892 1046 969 1112; x_wconf 83' lang='lat' dir='ltr'>laeti.</span> <span class='ocrx_word' id='word_1_49' title='bbox 1222 1061 1263 1108; x_wconf 80' lang='lat'>315</span> 
     </span>
     <span class='ocr_line' id='line_1_9' title="bbox 259 1150 1140 1240; baseline 0.004 -24"><span class='ocrx_word' id='word_1_50' title='bbox 259 1155 386 1218; x_wconf 89' lang='lat' dir='ltr'>Interea</span> <span class='ocrx_word' id='word_1_51' title='bbox 399 1154 469 1240; x_wconf 91' lang='lat' dir='ltr'>ipse</span> <span class='ocrx_word' id='word_1_52' title='bbox 483 1152 599 1216; x_wconf 88' lang='lat' dir='ltr'>urbem</span> <span class='ocrx_word' id='word_1_53' title='bbox 610 1150 819 1230; x_wconf 83' lang='lat' dir='ltr'>labefactam,</span> <span class='ocrx_word' id='word_1_54' title='bbox 833 1169 868 1216; x_wconf 90' lang='lat' dir='ltr'>et</span> <span class='ocrx_word' id='word_1_55' title='bbox 877 1153 995 1239; x_wconf 67' lang='lat' dir='ltr'>vulqus</span> <span class='ocrx_word' id='word_1_56' title='bbox 1008 1154 1140 1219; x_wconf 78' lang='lat' dir='ltr'>inerme</span> 
     </span>
    </p>

    <p class='ocr_par' dir='ltr' id='par_1_9' title="bbox 213 1257 1153 1348">
     <span class='ocr_line' id='line_1_10' title="bbox 213 1257 1153 1348; baseline 0.001 -24"><span class='ocrx_word' id='word_1_57' title='bbox 213 1260 405 1348; x_wconf 78' lang='lat' dir='ltr'>Componit3</span> <span class='ocrx_word' id='word_1_58' title='bbox 419 1257 603 1347; x_wconf 82' lang='lat' dir='ltr'>solidetque</span> <span class='ocrx_word' id='word_1_59' title='bbox 615 1259 756 1336; x_wconf 85' lang='lat' dir='ltr'>animos,</span> <span class='ocrx_word' id='word_1_60' title='bbox 771 1259 988 1348; x_wconf 79' lang='lat' dir='ltr'>requiemque</span> <span class='ocrx_word' id='word_1_61' title='bbox 1001 1260 1153 1324; x_wconf 85' lang='lat' dir='ltr'>futuram</span> 
     </span>
    </p>

    <p class='ocr_par' dir='ltr' id='par_1_10' title="bbox 213 1336 1328 1464">
     <span class='ocr_line' id='line_1_11' title="bbox 213 1365 1049 1453; baseline -0.001 -22"><span class='ocrx_word' id='word_1_62' title='bbox 213 1366 376 1453; x_wconf 84' lang='lat' dir='ltr'>Spondet,</span> <span class='ocrx_word' id='word_1_63' title='bbox 390 1382 739 1430; x_wconf 82' lang='lat' dir='ltr'>etaeternamventura</span> <span class='ocrx_word' id='word_1_64' title='bbox 753 1365 786 1428; x_wconf 91' lang='lat' dir='ltr'>in</span> <span class='ocrx_word' id='word_1_65' title='bbox 800 1365 909 1430; x_wconf 87' lang='lat' dir='ltr'>secula</span> <span class='ocrx_word' id='word_1_66' title='bbox 922 1388 1049 1453; x_wconf 88' lang='lat' dir='ltr'>pacem.</span> 
     </span>
    </p>

    <p class='ocr_par' dir='ltr' id='par_1_11' title="bbox 213 1470 1063 1561">
     <span class='ocr_line' id='line_1_12' title="bbox 213 1470 1063 1561; baseline 0.001 -25"><span class='ocrx_word' id='word_1_67' title='bbox 213 1471 296 1536; x_wconf 92' lang='lat' dir='ltr'>Inde</span> <span class='ocrx_word' id='word_1_68' title='bbox 304 1472 401 1561; x_wconf 89' lang='lat' dir='ltr'>jubet</span> <span class='ocrx_word' id='word_1_69' title='bbox 412 1473 548 1536; x_wconf 88' lang='lat' dir='ltr'>meritos</span> <span class='ocrx_word' id='word_1_70' title='bbox 560 1471 655 1555; x_wconf 76' lang='lat' dir='ltr'>turba</span> <span class='ocrx_word' id='word_1_71' title='bbox 667 1470 846 1558; x_wconf 84' lang='lat' dir='ltr'>plaudente</span> <span class='ocrx_word' id='word_1_72' title='bbox 858 1471 1063 1560; x_wconf 84' lang='lat' dir='ltr'>triumphos,</span> 
     </span>
    </p>

    <p class='ocr_par' dir='ltr' id='par_1_12' title="bbox 211 1576 962 1665">
     <span class='ocr_line' id='line_1_13' title="bbox 211 1576 962 1665; baseline -0.003 -21"><span class='ocrx_word' id='word_1_73' title='bbox 211 1577 441 1665; x_wconf 76' lang='lat' dir='ltr'>sublimesque</span> <span class='ocrx_word' id='word_1_74' title='bbox 454 1576 573 1642; x_wconf 87' lang='lat' dir='ltr'>domus</span> <span class='ocrx_word' id='word_1_75' title='bbox 585 1577 657 1641; x_wconf 87' lang='lat' dir='ltr'>fien&#39;</span> <span class='ocrx_word' id='word_1_76' title='bbox 669 1577 787 1665; x_wconf 79' lang='lat' dir='ltr'>regalis</span> <span class='ocrx_word' id='word_1_77' title='bbox 798 1577 962 1658; x_wconf 83' lang='lat' dir='ltr'>honores;</span> 
     </span>
    </p>

    <p class='ocr_par' dir='ltr' id='par_1_13' title="bbox 210 1683 1074 1772">
     <span class='ocr_line' id='line_1_14' title="bbox 210 1683 1074 1772; baseline 0 -25"><span class='ocrx_word' id='word_1_78' title='bbox 210 1687 319 1772; x_wconf 84' lang='lat' dir='ltr'>Atque</span> <span class='ocrx_word' id='word_1_79' title='bbox 331 1683 445 1746; x_wconf 89' lang='lat' dir='ltr'>alacris</span> <span class='ocrx_word' id='word_1_80' title='bbox 458 1700 585 1762; x_wconf 90' lang='lat' dir='ltr'>mouet,</span> <span class='ocrx_word' id='word_1_81' title='bbox 599 1684 772 1748; x_wconf 90' lang='lat' dir='ltr'>unanimes</span> <span class='ocrx_word' id='word_1_82' title='bbox 786 1699 821 1747; x_wconf 93' lang='lat' dir='ltr'>ut</span> <span class='ocrx_word' id='word_1_83' title='bbox 834 1684 943 1748; x_wconf 85' lang='lat' dir='ltr'>fronte</span> <span class='ocrx_word' id='word_1_84' title='bbox 956 1706 1074 1748; x_wconf 89' lang='lat' dir='ltr'>serena</span> 
     </span>
    </p>

    <p class='ocr_par' dir='ltr' id='par_1_14' title="bbox 212 1789 978 1876">
     <span class='ocr_line' id='line_1_15' title="bbox 212 1789 978 1876; baseline -0.001 -23"><span class='ocrx_word' id='word_1_85' title='bbox 212 1789 394 1853; x_wconf 90' lang='lat' dir='ltr'>Occurrant</span> <span class='ocrx_word' id='word_1_86' title='bbox 406 1810 529 1876; x_wconf 76' lang='lat' dir='ltr'>genero</span> <span class='ocrx_word' id='word_1_87' title='bbox 542 1789 702 1867; x_wconf 88' lang='lat' dir='ltr'>venienti,</span> <span class='ocrx_word' id='word_1_88' title='bbox 717 1806 750 1852; x_wconf 90' lang='lat' dir='ltr'>et</span> <span class='ocrx_word' id='word_1_89' title='bbox 761 1807 895 1876; x_wconf 86' lang='lat' dir='ltr'>pectore</span> <span class='ocrx_word' id='word_1_90' title='bbox 908 1805 978 1854; x_wconf 86' lang='lat' dir='ltr'>toto</span> 
     </span>
    </p>

    <p class='ocr_par' dir='ltr' id='par_1_15' title="bbox 209 1893 1081 1984">
     <span class='ocr_line' id='line_1_16' title="bbox 209 1893 1081 1984; baseline 0.002 -22"><span class='ocrx_word' id='word_1_91' title='bbox 209 1895 382 1982; x_wconf 81' lang='lat' dir='ltr'>Excipiant</span> <span class='ocrx_word' id='word_1_92' title='bbox 394 1913 527 1984; x_wconf 72' lang='lat' dir='ltr'>gentem</span> <span class='ocrx_word' id='word_1_93' title='bbox 540 1893 687 1974; x_wconf 84' lang='lat' dir='ltr'>lliacam,</span> <span class='ocrx_word' id='word_1_94' title='bbox 701 1896 894 1984; x_wconf 75' lang='lat' dir='ltr'>magnisque</span> <span class='ocrx_word' id='word_1_95' title='bbox 907 1912 1081 1983; x_wconf 83' lang='lat' dir='ltr'>receptent</span> 
     </span>
    </p>

    <p class='ocr_par' dir='ltr' id='par_1_16' title="bbox 211 1999 1041 2090">
     <span class='ocr_line' id='line_1_17' title="bbox 211 1999 1041 2090; baseline -0.001 -24"><span class='ocrx_word' id='word_1_96' title='bbox 211 2002 397 2082; x_wconf 90' lang='lat' dir='ltr'>Plausibus,</span> <span class='ocrx_word' id='word_1_97' title='bbox 413 2019 600 2090; x_wconf 65' lang='lat' dir='ltr'>optataeque</span> <span class='ocrx_word' id='word_1_98' title='bbox 613 2000 788 2065; x_wconf 80' lang='lat' dir='ltr'>effundant</span> <span class='ocrx_word' id='word_1_99' title='bbox 801 1999 889 2088; x_wconf 83' lang='lat' dir='ltr'>pacis</span> <span class='ocrx_word' id='word_1_100' title='bbox 900 2023 1041 2065; x_wconf 87' lang='lat' dir='ltr'>amores.</span> 
     </span>
    </p>

    <p class='ocr_par' dir='ltr' id='par_1_17' title="bbox 211 2107 1266 2202">
     <span class='ocr_line' id='line_1_18' title="bbox 211 2107 1266 2202; baseline -0.008 -28"><span class='ocrx_word' id='word_1_101' title='bbox 211 2111 353 2202; x_wconf 88' lang='lat' dir='ltr'>Jamque</span> <span class='ocrx_word' id='word_1_102' title='bbox 366 2110 523 2174; x_wconf 89' lang='lat' dir='ltr'>instructa</span> <span class='ocrx_word' id='word_1_103' title='bbox 536 2107 669 2187; x_wconf 86' lang='lat' dir='ltr'>cohors,</span> <span class='ocrx_word' id='word_1_104' title='bbox 684 2109 892 2201; x_wconf 87' lang='lat' dir='ltr'>Teucrorum</span> <span class='ocrx_word' id='word_1_105' title='bbox 904 2107 1175 2192; x_wconf 86' lang='lat' dir='ltr'>castrasuhibat,</span> <span class='ocrx_word' id='word_1_106' title='bbox 1224 2120 1266 2168; x_wconf 72' lang='lat'>325</span> 
     </span>
    </p>

    <p class='ocr_par' dir='ltr' id='par_1_18' title="bbox 211 2214 1032 2302">
     <span class='ocr_line' id='line_1_19' title="bbox 211 2214 1032 2302; baseline -0.001 -24"><span class='ocrx_word' id='word_1_107' title='bbox 211 2217 325 2282; x_wconf 83' lang='lat' dir='ltr'>Cincta</span> <span class='ocrx_word' id='word_1_108' title='bbox 337 2237 447 2280; x_wconf 89' lang='lat' dir='ltr'>comas</span> <span class='ocrx_word' id='word_1_109' title='bbox 460 2215 558 2278; x_wconf 88' lang='lat' dir='ltr'>ramis</span> <span class='ocrx_word' id='word_1_110' title='bbox 570 2215 669 2292; x_wconf 87' lang='lat' dir='ltr'>oleae,</span> <span class='ocrx_word' id='word_1_111' title='bbox 681 2235 864 2302; x_wconf 81' lang='lat' dir='ltr'>pacemque</span> <span class='ocrx_word' id='word_1_112' title='bbox 876 2214 1013 2302; x_wconf 75' lang='lat' dir='ltr'>rogabat</span> <span class='ocrx_word' id='word_1_113' title='bbox 1025 2238 1032 2277; x_wconf 76' lang='grc' dir='ltr'>ι</span> 
     </span>
    </p>
   </div>
   <div class='ocr_carea' id='block_1_3' title="bbox 210 2317 1264 3044">
    <p class='ocr_par' dir='ltr' id='par_1_19' title="bbox 210 2317 1097 2516">
     <span class='ocr_line' id='line_1_20' title="bbox 210 2317 959 2408; baseline 0.001 -27"><span class='ocrx_word' id='word_1_114' title='bbox 210 2321 317 2400; x_wconf 87' lang='lat' dir='ltr'>Quam</span> <span class='ocrx_word' id='word_1_115' title='bbox 330 2317 438 2382; x_wconf 85' lang='lat' dir='ltr'>bonus</span> <span class='ocrx_word' id='word_1_116' title='bbox 452 2321 568 2382; x_wconf 87' lang='lat' dir='ltr'>AEneas</span> <span class='ocrx_word' id='word_1_117' title='bbox 580 2317 670 2382; x_wconf 86' lang='lat' dir='ltr'>adse</span> <span class='ocrx_word' id='word_1_118' title='bbox 683 2319 767 2383; x_wconf 86' lang='lat' dir='ltr'>intra</span> <span class='ocrx_word' id='word_1_119' title='bbox 780 2321 869 2408; x_wconf 75' lang='lat' dir='ltr'>regia</span> <span class='ocrx_word' id='word_1_120' title='bbox 882 2318 959 2384; x_wconf 89' lang='lat' dir='ltr'>duci</span> 
     </span>
     <span class='ocr_line' id='line_1_21' title="bbox 210 2422 1097 2516; baseline 0.002 -28"><span class='ocrx_word' id='word_1_121' title='bbox 210 2425 312 2489; x_wconf 88' lang='lat' dir='ltr'>Tecta</span> <span class='ocrx_word' id='word_1_122' title='bbox 320 2422 431 2512; x_wconf 84' lang='lat' dir='ltr'>jubet,</span> <span class='ocrx_word' id='word_1_123' title='bbox 446 2429 644 2514; x_wconf 84' lang='lat' dir='ltr'>causamque</span> <span class='ocrx_word' id='word_1_124' title='bbox 657 2424 717 2487; x_wconf 87' lang='lat' dir='ltr'>viae</span> <span class='ocrx_word' id='word_1_125' title='bbox 731 2423 861 2512; x_wconf 91' lang='lat' dir='ltr'>placido</span> <span class='ocrx_word' id='word_1_126' title='bbox 874 2447 932 2490; x_wconf 90' lang='lat' dir='ltr'>ore</span> <span class='ocrx_word' id='word_1_127' title='bbox 945 2426 1097 2516; x_wconf 87' lang='lat' dir='ltr'>requirit.</span> 
     </span>
    </p>

    <p class='ocr_par' dir='ltr' id='par_1_20' title="bbox 210 2528 1264 3044">
     <span class='ocr_line' id='line_1_22' title="bbox 256 2528 1028 2616; baseline 0.003 -22"><span class='ocrx_word' id='word_1_128' title='bbox 256 2531 352 2594; x_wconf 86' lang='lat' dir='ltr'>Tunc</span> <span class='ocrx_word' id='word_1_129' title='bbox 364 2530 475 2593; x_wconf 88' lang='lat' dir='ltr'>senior</span> <span class='ocrx_word' id='word_1_130' title='bbox 487 2529 535 2594; x_wconf 90' lang='lat' dir='ltr'>sic</span> <span class='ocrx_word' id='word_1_131' title='bbox 546 2528 707 2616; x_wconf 87' lang='lat' dir='ltr'>incipiens</span> <span class='ocrx_word' id='word_1_132' title='bbox 718 2529 868 2598; x_wconf 87' lang='lat' dir='ltr'>ardentia</span> <span class='ocrx_word' id='word_1_133' title='bbox 881 2535 1028 2599; x_wconf 88' lang='lat' dir='ltr'>Drances</span> 
     </span>
     <span class='ocr_line' id='line_1_23' title="bbox 210 2633 1264 2725; baseline -0.003 -27"><span class='ocrx_word' id='word_1_134' title='bbox 210 2635 319 2714; x_wconf 81' lang='lat' dir='ltr'>Verba</span> <span class='ocrx_word' id='word_1_135' title='bbox 333 2634 611 2713; x_wconf 68' lang='lat' dir='ltr'>movet‚‘nimium</span> <span class='ocrx_word' id='word_1_136' title='bbox 625 2633 729 2723; x_wconf 89' lang='lat' dir='ltr'>erepti</span> <span class='ocrx_word' id='word_1_137' title='bbox 741 2659 803 2725; x_wconf 90' lang='lat' dir='ltr'>pro</span> <span class='ocrx_word' id='word_1_138' title='bbox 817 2638 935 2701; x_wconf 80' lang='lat' dir='ltr'>funere</span> <span class='ocrx_word' id='word_1_139' title='bbox 946 2638 1055 2700; x_wconf 87' lang='lat' dir='ltr'>Turni</span> <span class='ocrx_word' id='word_1_140' title='bbox 1223 2649 1264 2696; x_wconf 80' lang='lat'>330</span> 
     </span>
     <span class='ocr_line' id='line_1_24' title="bbox 212 2738 989 2832; baseline 0 -26"><span class='ocrx_word' id='word_1_141' title='bbox 212 2741 385 2808; x_wconf 86' lang='lat' dir='ltr'>Exsultans</span> <span class='ocrx_word' id='word_1_142' title='bbox 398 2764 405 2802; x_wconf 76' lang='grc' dir='ltr'>ε</span> <span class='ocrx_word' id='word_1_143' title='bbox 422 2741 477 2804; x_wconf 69' lang='lat' dir='ltr'>«o</span> <span class='ocrx_word' id='word_1_144' title='bbox 488 2738 641 2828; x_wconf 87' lang='lat' dir='ltr'>Trojanae</span> <span class='ocrx_word' id='word_1_145' title='bbox 655 2739 721 2804; x_wconf 86' lang='lat' dir='ltr'>dux</span> <span class='ocrx_word' id='word_1_146' title='bbox 734 2741 855 2832; x_wconf 78' lang='lat' dir='ltr'>inclyte</span> <span class='ocrx_word' id='word_1_147' title='bbox 868 2743 989 2830; x_wconf 77' lang='lat' dir='ltr'>gentis,</span> 
     </span>
     <span class='ocr_line' id='line_1_25' title="bbox 211 2844 1188 2936; baseline 0.003 -25"><span class='ocrx_word' id='word_1_148' title='bbox 211 2849 336 2926; x_wconf 86' lang='lat' dir='ltr'>Gloria,</span> <span class='ocrx_word' id='word_1_149' title='bbox 351 2867 494 2934; x_wconf 87' lang='lat' dir='ltr'>spesque</span> <span class='ocrx_word' id='word_1_150' title='bbox 508 2844 686 2934; x_wconf 71' lang='lat' dir='ltr'>Phrygum,</span> <span class='ocrx_word' id='word_1_151' title='bbox 702 2869 769 2935; x_wconf 91' lang='lat' dir='ltr'>quo</span> <span class='ocrx_word' id='word_1_152' title='bbox 782 2867 844 2912; x_wconf 92' lang='lat' dir='ltr'>nec</span> <span class='ocrx_word' id='word_1_153' title='bbox 855 2848 993 2936; x_wconf 87' lang='lat' dir='ltr'>pietate,</span> <span class='ocrx_word' id='word_1_154' title='bbox 1008 2869 1071 2913; x_wconf 87' lang='lat' dir='ltr'>nec</span> <span class='ocrx_word' id='word_1_155' title='bbox 1083 2850 1188 2914; x_wconf 87' lang='lat' dir='ltr'>armis</span> 
     </span>
     <span class='ocr_line' id='line_1_26' title="bbox 211 2951 1052 3044; baseline 0.001 -25"><span class='ocrx_word' id='word_1_156' title='bbox 211 2955 319 3044; x_wconf 89' lang='lat' dir='ltr'>Major</span> <span class='ocrx_word' id='word_1_157' title='bbox 331 2954 364 3017; x_wconf 89' lang='lat' dir='ltr'>in</span> <span class='ocrx_word' id='word_1_158' title='bbox 377 2952 458 3016; x_wconf 90' lang='lat' dir='ltr'>orbe</span> <span class='ocrx_word' id='word_1_159' title='bbox 470 2951 534 3014; x_wconf 86' lang='lat' dir='ltr'>fuit</span> <span class='ocrx_word' id='word_1_160' title='bbox 545 2974 552 3013; x_wconf 88' lang='lat'>:</span> <span class='ocrx_word' id='word_1_161' title='bbox 565 2952 644 3015; x_wconf 85' lang='lat' dir='ltr'>victi</span> <span class='ocrx_word' id='word_1_162' title='bbox 656 2951 874 3032; x_wconf 89' lang='lat' dir='ltr'>obtestamur,</span> <span class='ocrx_word' id='word_1_163' title='bbox 889 2971 922 3018; x_wconf 91' lang='lat' dir='ltr'>et</span> <span class='ocrx_word' id='word_1_164' title='bbox 934 2977 1052 3020; x_wconf 87' lang='lat' dir='ltr'>omues</span> 
     </span>
    </p>
   </div>
   <div class='ocr_carea' id='block_1_4' title="bbox 205 3117 1267 4074">
    <p class='ocr_par' dir='ltr' id='par_1_21' title="bbox 209 3117 1267 3751">
     <span class='ocr_line' id='line_1_27' title="bbox 211 3117 1267 3193; baseline 0.001 -20"><span class='ocrx_word' id='word_1_165' title='bbox 211 3124 268 3173; x_wconf 90' lang='lat' dir='ltr'>sine</span> <span class='ocrx_word' id='word_1_166' title='bbox 281 3120 462 3173; x_wconf 85' lang='lat' dir='ltr'>controversia</span> <span class='ocrx_word' id='word_1_167' title='bbox 478 3117 538 3170; x_wconf 77' lang='lat' dir='ltr'>filiae</span> <span class='ocrx_word' id='word_1_168' title='bbox 554 3119 673 3170; x_wconf 81' lang='lat' dir='ltr'>futurum</span> <span class='ocrx_word' id='word_1_169' title='bbox 691 3123 825 3175; x_wconf 89' lang='lat' dir='ltr'>maritum.</span> <span class='ocrx_word' id='word_1_170' title='bbox 840 3121 872 3171; x_wconf 84' lang='lat' dir='ltr'>A.</span> <span class='ocrx_word' id='word_1_171' title='bbox 885 3151 919 3159; x_wconf 96' lang='lat'>—</span> <span class='ocrx_word' id='word_1_172' title='bbox 930 3122 991 3173; x_wconf 73' lang='lat'><strong>310.</strong></span> <span class='ocrx_word' id='word_1_173' title='bbox 1006 3131 1034 3172; x_wconf 83' lang='lat' dir='ltr'>et</span> <span class='ocrx_word' id='word_1_174' title='bbox 1044 3121 1144 3193; x_wconf 76' lang='lat' dir='ltr'>junqit</span> <span class='ocrx_word' id='word_1_175' title='bbox 1156 3133 1267 3174; x_wconf 78' lang='lat' dir='ltr'>oratores</span> 
     </span>
     <span class='ocr_line' id='line_1_28' title="bbox 211 3198 1265 3274; baseline 0.002 -23"><span class='ocrx_word' id='word_1_176' title='bbox 211 3211 323 3274; x_wconf 69' lang='lat' dir='ltr'>topatus,</span> <span class='ocrx_word' id='word_1_177' title='bbox 337 3219 450 3272; x_wconf 88' lang='lat' dir='ltr'>quorum</span> <span class='ocrx_word' id='word_1_178' title='bbox 463 3198 499 3250; x_wconf 83' lang='lat' dir='ltr'>ad</span> <span class='ocrx_word' id='word_1_179' title='bbox 511 3217 626 3264; x_wconf 87' lang='lat' dir='ltr'>rnorem,</span> <span class='ocrx_word' id='word_1_180' title='bbox 638 3201 752 3254; x_wconf 84' lang='lat' dir='ltr'>Romani</span> <span class='ocrx_word' id='word_1_181' title='bbox 765 3213 860 3271; x_wconf 87' lang='lat' dir='ltr'>postea</span> <span class='ocrx_word' id='word_1_182' title='bbox 872 3203 956 3273; x_wconf 72' lang='lat' dir='ltr'>togati</span> <span class='ocrx_word' id='word_1_183' title='bbox 968 3200 1133 3253; x_wconf 86' lang='lat' dir='ltr'>incedebant</span> <span class='ocrx_word' id='word_1_184' title='bbox 1145 3224 1151 3250; x_wconf 78' lang='grc' dir='ltr'>ι</span> <span class='ocrx_word' id='word_1_185' title='bbox 1165 3221 1265 3253; x_wconf 84' lang='lat' dir='ltr'>memo-</span> 
     </span>
     <span class='ocr_line' id='line_1_29' title="bbox 210 3275 1264 3352; baseline 0.004 -24"><span class='ocrx_word' id='word_1_186' title='bbox 210 3297 284 3346; x_wconf 85' lang='lat' dir='ltr'>rans,</span> <span class='ocrx_word' id='word_1_187' title='bbox 303 3280 432 3332; x_wconf 87' lang='lat' dir='ltr'>mandans</span> <span class='ocrx_word' id='word_1_188' title='bbox 451 3281 489 3330; x_wconf 91' lang='lat' dir='ltr'>eis</span> <span class='ocrx_word' id='word_1_189' title='bbox 507 3278 604 3343; x_wconf 86' lang='lat' dir='ltr'>multa,</span> <span class='ocrx_word' id='word_1_190' title='bbox 624 3291 649 3330; x_wconf 88' lang='lat' dir='ltr'>et</span> <span class='ocrx_word' id='word_1_191' title='bbox 667 3281 781 3350; x_wconf 87' lang='lat' dir='ltr'>imperat</span> <span class='ocrx_word' id='word_1_192' title='bbox 797 3283 973 3352; x_wconf 85' lang='lat' dir='ltr'>profecturis,</span> <span class='ocrx_word' id='word_1_193' title='bbox 993 3295 1024 3333; x_wconf 91' lang='lat' dir='ltr'>ut</span> <span class='ocrx_word' id='word_1_194' title='bbox 1036 3275 1163 3334; x_wconf 85' lang='lat' dir='ltr'>intersint</span> <span class='ocrx_word' id='word_1_195' title='bbox 1176 3286 1264 3334; x_wconf 83' lang='lat' dir='ltr'>animo</span> 
     </span>
     <span class='ocr_line' id='line_1_30' title="bbox 210 3358 1265 3428; baseline 0.003 -19"><span class='ocrx_word' id='word_1_196' title='bbox 210 3359 334 3428; x_wconf 87' lang='lat' dir='ltr'>placido,</span> <span class='ocrx_word' id='word_1_197' title='bbox 354 3373 380 3412; x_wconf 88' lang='lat' dir='ltr'>et</span> <span class='ocrx_word' id='word_1_198' title='bbox 395 3361 528 3423; x_wconf 85' lang='lat' dir='ltr'>revisant,</span> <span class='ocrx_word' id='word_1_199' title='bbox 548 3371 573 3410; x_wconf 88' lang='lat' dir='ltr'>et</span> <span class='ocrx_word' id='word_1_200' title='bbox 592 3358 690 3410; x_wconf 80' lang='lat' dir='ltr'>vehant</span> <span class='ocrx_word' id='word_1_201' title='bbox 709 3361 762 3412; x_wconf 85' lang='lat' dir='ltr'>laeti</span> <span class='ocrx_word' id='word_1_202' title='bbox 781 3360 913 3412; x_wconf 81' lang='lat' dir='ltr'>AEneadas</span> <span class='ocrx_word' id='word_1_203' title='bbox 930 3363 958 3412; x_wconf 90' lang='lat' dir='ltr'>in</span> <span class='ocrx_word' id='word_1_204' title='bbox 975 3361 1031 3412; x_wconf 89' lang='lat' dir='ltr'>alta</span> <span class='ocrx_word' id='word_1_205' title='bbox 1048 3365 1151 3416; x_wconf 85' lang='lat' dir='ltr'>moenia</span> <span class='ocrx_word' id='word_1_206' title='bbox 1163 3363 1265 3415; x_wconf 86' lang='lat' dir='ltr'>scilicet</span> 
     </span>
     <span class='ocr_line' id='line_1_31' title="bbox 209 3439 1266 3512; baseline 0.004 -24"><span class='ocrx_word' id='word_1_207' title='bbox 209 3439 283 3490; x_wconf 89' lang='lat' dir='ltr'>urbis</span> <span class='ocrx_word' id='word_1_208' title='bbox 296 3459 366 3492; x_wconf 85' lang='lat' dir='ltr'>suae:</span> <span class='ocrx_word' id='word_1_209' title='bbox 381 3439 599 3512; x_wconf 85' lang='lat' dir='ltr'>quandoquidem</span> <span class='ocrx_word' id='word_1_210' title='bbox 611 3439 748 3511; x_wconf 87' lang='lat' dir='ltr'>expediat,</span> <span class='ocrx_word' id='word_1_211' title='bbox 758 3441 858 3493; x_wconf 89' lang='lat' dir='ltr'>indicio</span> <span class='ocrx_word' id='word_1_212' title='bbox 871 3444 1026 3512; x_wconf 86' lang='lat' dir='ltr'>auspicum,</span> <span class='ocrx_word' id='word_1_213' title='bbox 1040 3456 1067 3494; x_wconf 87' lang='lat' dir='ltr'>et</span> <span class='ocrx_word' id='word_1_214' title='bbox 1079 3445 1191 3494; x_wconf 87' lang='lat' dir='ltr'>monitis</span> <span class='ocrx_word' id='word_1_215' title='bbox 1202 3443 1266 3494; x_wconf 84' lang='lat' dir='ltr'>dao-</span> 
     </span>
     <span class='ocr_line' id='line_1_32' title="bbox 210 3520 1263 3593; baseline 0.003 -26"><span class='ocrx_word' id='word_1_216' title='bbox 210 3535 268 3567; x_wconf 90' lang='lat' dir='ltr'>rum</span> <span class='ocrx_word' id='word_1_217' title='bbox 277 3522 388 3572; x_wconf 89' lang='lat' dir='ltr'>miscere</span> <span class='ocrx_word' id='word_1_218' title='bbox 396 3531 500 3591; x_wconf 81' lang='lat' dir='ltr'>gentem</span> <span class='ocrx_word' id='word_1_219' title='bbox 508 3521 653 3588; x_wconf 89' lang='lat' dir='ltr'>Trojauam</span> <span class='ocrx_word' id='word_1_220' title='bbox 662 3539 722 3571; x_wconf 86' lang='lat' dir='ltr'>cum</span> <span class='ocrx_word' id='word_1_221' title='bbox 730 3523 858 3593; x_wconf 78' lang='lat' dir='ltr'>sanguine</span> <span class='ocrx_word' id='word_1_222' title='bbox 866 3520 979 3574; x_wconf 64' lang='lat' dir='ltr'>halmal.</span> <span class='ocrx_word' id='word_1_223' title='bbox 987 3521 1089 3573; x_wconf 80' lang='lat'><strong>-316.</strong></span> <span class='ocrx_word' id='word_1_224' title='bbox 1100 3523 1207 3572; x_wconf 76' lang='lat' dir='ltr'>Interea</span> <span class='ocrx_word' id='word_1_225' title='bbox 1215 3533 1263 3573; x_wconf 87' lang='lat' dir='ltr'>etc.</span> 
     </span>
     <span class='ocr_line' id='line_1_33' title="bbox 211 3595 1264 3673; baseline 0.006 -29"><span class='ocrx_word' id='word_1_226' title='bbox 211 3595 336 3647; x_wconf 83' lang='lat' dir='ltr'>Ostendit</span> <span class='ocrx_word' id='word_1_227' title='bbox 352 3597 469 3648; x_wconf 80' lang='lat' dir='ltr'>officium</span> <span class='ocrx_word' id='word_1_228' title='bbox 485 3599 550 3650; x_wconf 88' lang='lat' dir='ltr'>boni</span> <span class='ocrx_word' id='word_1_229' title='bbox 562 3601 702 3670; x_wconf 88' lang='lat' dir='ltr'>principis.</span> <span class='ocrx_word' id='word_1_230' title='bbox 715 3599 746 3650; x_wconf 78' lang='lat' dir='ltr'>t.</span> <span class='ocrx_word' id='word_1_231' title='bbox 762 3629 797 3640; x_wconf 86' lang='lat'><em>-</em></span> <span class='ocrx_word' id='word_1_232' title='bbox 807 3599 867 3652; x_wconf 77' lang='lat'>322.</span> <span class='ocrx_word' id='word_1_233' title='bbox 884 3611 912 3652; x_wconf 85' lang='lat' dir='ltr'>et</span> <span class='ocrx_word' id='word_1_234' title='bbox 921 3610 1027 3672; x_wconf 71' lang='lat' dir='ltr'>pectore</span> <span class='ocrx_word' id='word_1_235' title='bbox 1043 3609 1097 3652; x_wconf 80' lang='lat' dir='ltr'>toto</span> <span class='ocrx_word' id='word_1_236' title='bbox 1110 3601 1264 3673; x_wconf 81' lang='lat' dir='ltr'>Excipiant.</span> 
     </span>
     <span class='ocr_line' id='line_1_34' title="bbox 211 3676 943 3751; baseline 0.011 -25"><span class='ocrx_word' id='word_1_237' title='bbox 211 3677 300 3727; x_wconf 86' lang='lat' dir='ltr'>Verba</span> <span class='ocrx_word' id='word_1_238' title='bbox 314 3676 362 3726; x_wconf 93' lang='lat' dir='ltr'>luli</span> <span class='ocrx_word' id='word_1_239' title='bbox 376 3677 408 3727; x_wconf 90' lang='lat' dir='ltr'>ad</span> <span class='ocrx_word' id='word_1_240' title='bbox 423 3678 581 3750; x_wconf 77' lang='lat' dir='ltr'>Euryalum,-</span> <span class='ocrx_word' id='word_1_241' title='bbox 593 3681 619 3731; x_wconf 93' lang='lat' dir='ltr'>in</span> <span class='ocrx_word' id='word_1_242' title='bbox 633 3699 705 3732; x_wconf 89' lang='lat' dir='ltr'>nono</span> <span class='ocrx_word' id='word_1_243' title='bbox 717 3681 824 3745; x_wconf 58' lang='lat' dir='ltr'>habitin</span> <span class='ocrx_word' id='word_1_244' title='bbox 839 3682 898 3751; x_wconf 74' lang='lat'>276.</span> <span class='ocrx_word' id='word_1_245' title='bbox 911 3685 943 3734; x_wconf 84' lang='lat' dir='ltr'>A.</span> 
     </span>
    </p>

    <p class='ocr_par' dir='ltr' id='par_1_22' title="bbox 205 3755 1264 4074">
     <span class='ocr_line' id='line_1_35' title="bbox 244 3755 1264 3833; baseline 0.003 -26"><span class='ocrx_word' id='word_1_246' title='bbox 244 3755 304 3824; x_wconf 82' lang='lat'><strong>329.</strong></span> <span class='ocrx_word' id='word_1_247' title='bbox 319 3756 439 3806; x_wconf 77' lang='lat' dir='ltr'>ardentio</span> <span class='ocrx_word' id='word_1_248' title='bbox 456 3760 570 3812; x_wconf 72' lang='lat' dir='ltr'>Dranoes</span> <span class='ocrx_word' id='word_1_249' title='bbox 589 3761 674 3814; x_wconf 77' lang='lat' dir='ltr'>Verba</span> <span class='ocrx_word' id='word_1_250' title='bbox 686 3773 780 3813; x_wconf 83' lang='lat' dir='ltr'>movet.</span> <span class='ocrx_word' id='word_1_251' title='bbox 798 3763 884 3830; x_wconf 86' lang='lat' dir='ltr'>Quem</span> <span class='ocrx_word' id='word_1_252' title='bbox 897 3762 1000 3814; x_wconf 82' lang='lat' dir='ltr'>seilicet</span> <span class='ocrx_word' id='word_1_253' title='bbox 1016 3761 1147 3833; x_wconf 77' lang='lat' dir='ltr'>Virgilius</span> <span class='ocrx_word' id='word_1_254' title='bbox 1165 3763 1264 3814; x_wconf 81' lang='lat' dir='ltr'>fecerat</span> 
     </span>
     <span class='ocr_line' id='line_1_36' title="bbox 206 3834 1260 3914; baseline 0.003 -28"><span class='ocrx_word' id='word_1_255' title='bbox 206 3835 323 3907; x_wconf 79' lang='lat' dir='ltr'>legatum</span> <span class='ocrx_word' id='word_1_256' title='bbox 336 3834 370 3886; x_wconf 85' lang='lat' dir='ltr'>od</span> <span class='ocrx_word' id='word_1_257' title='bbox 382 3837 505 3902; x_wconf 83' lang='lat' dir='ltr'>AEnearu,</span> <span class='ocrx_word' id='word_1_258' title='bbox 521 3853 547 3890; x_wconf 86' lang='lat' dir='ltr'>et</span> <span class='ocrx_word' id='word_1_259' title='bbox 558 3841 650 3892; x_wconf 85' lang='lat' dir='ltr'>Turno</span> <span class='ocrx_word' id='word_1_260' title='bbox 663 3859 769 3914; x_wconf 83' lang='lat' dir='ltr'>semper</span> <span class='ocrx_word' id='word_1_261' title='bbox 780 3845 863 3895; x_wconf 81' lang='lat' dir='ltr'>fuisse</span> <span class='ocrx_word' id='word_1_262' title='bbox 875 3843 1003 3894; x_wconf 77' lang='lat' dir='ltr'>infestum</span> <span class='ocrx_word' id='word_1_263' title='bbox 1016 3840 1093 3893; x_wconf 82' lang='lat' dir='ltr'>dixit.</span> <span class='ocrx_word' id='word_1_264' title='bbox 1105 3843 1139 3892; x_wconf 81' lang='lat' dir='ltr'>A.</span> <span class='ocrx_word' id='word_1_265' title='bbox 1154 3869 1191 3882; x_wconf 85' lang='lat'>-</span> <span class='ocrx_word' id='word_1_266' title='bbox 1201 3842 1260 3894; x_wconf 81' lang='lat'><strong>331.</strong></span> 
     </span>
     <span class='ocr_line' id='line_1_37' title="bbox 205 3913 1260 3992; baseline 0.008 -28"><span class='ocrx_word' id='word_1_267' title='bbox 205 3914 349 3966; x_wconf 83' lang='lat' dir='ltr'>Exsultans</span> <span class='ocrx_word' id='word_1_268' title='bbox 360 3931 410 3986; x_wconf 82' lang='lat' dir='ltr'>pro</span> <span class='ocrx_word' id='word_1_269' title='bbox 419 3913 520 3983; x_wconf 78' lang='lat' dir='ltr'>funere</span> <span class='ocrx_word' id='word_1_270' title='bbox 530 3919 616 3971; x_wconf 84' lang='lat' dir='ltr'>Turni</span> <span class='ocrx_word' id='word_1_271' title='bbox 630 3922 713 3992; x_wconf 80' lang='lat' dir='ltr'>erepti</span> <span class='ocrx_word' id='word_1_272' title='bbox 716 3943 726 3983; x_wconf 93' lang='lat'>,·</span> <span class='ocrx_word' id='word_1_273' title='bbox 740 3924 804 3992; x_wconf 86' lang='lat' dir='ltr'>quia</span> <span class='ocrx_word' id='word_1_274' title='bbox 814 3924 907 3974; x_wconf 76' lang='lat' dir='ltr'>Turno</span> <span class='ocrx_word' id='word_1_275' title='bbox 919 3921 1020 3992; x_wconf 88' lang='lat' dir='ltr'>ubique</span> <span class='ocrx_word' id='word_1_276' title='bbox 1030 3920 1174 3985; x_wconf 83' lang='lat' dir='ltr'>infensus,</span> <span class='ocrx_word' id='word_1_277' title='bbox 1185 3938 1260 3990; x_wconf 84' lang='lat' dir='ltr'>erep-</span> 
     </span>
     <span class='ocr_line' id='line_1_38' title="bbox 208 3996 1263 4074; baseline 0.006 -31"><span class='ocrx_word' id='word_1_278' title='bbox 208 4003 264 4044; x_wconf 86' lang='lat' dir='ltr'>tum</span> <span class='ocrx_word' id='word_1_279' title='bbox 273 3996 410 4060; x_wconf 82' lang='lat' dir='ltr'>&#39;l&#39;u1·num&#39;,</span> <span class='ocrx_word' id='word_1_280' title='bbox 423 4011 478 4046; x_wconf 86' lang='lat' dir='ltr'>nou</span> <span class='ocrx_word' id='word_1_281' title='bbox 490 4016 504 4048; x_wconf 90' lang='lat' dir='ltr'>e</span> <span class='ocrx_word' id='word_1_282' title='bbox 516 4001 642 4067; x_wconf 84' lang='lat' dir='ltr'>periculis</span> <span class='ocrx_word' id='word_1_283' title='bbox 654 4015 773 4071; x_wconf 84' lang='lat' dir='ltr'>tautum,</span> <span class='ocrx_word' id='word_1_284' title='bbox 786 4003 834 4063; x_wconf 80' lang='lat' dir='ltr'>sed</span> <span class='ocrx_word' id='word_1_285' title='bbox 842 4022 856 4056; x_wconf 89' lang='lat' dir='ltr'>e</span> <span class='ocrx_word' id='word_1_286' title='bbox 865 4001 969 4067; x_wconf 85' lang='lat' dir='ltr'>medio,</span> <span class='ocrx_word' id='word_1_287' title='bbox 977 4003 1023 4053; x_wconf 84' lang='lat' dir='ltr'>vix</span> <span class='ocrx_word' id='word_1_288' title='bbox 1031 4014 1128 4072; x_wconf 85' lang='lat' dir='ltr'>potest</span> <span class='ocrx_word' id='word_1_289' title='bbox 1137 4003 1263 4074; x_wconf 77' lang='lat' dir='ltr'>quianon</span> 
     </span>
    </p>
   </div>
   <div class='ocr_carea' id='block_1_5' title="bbox 0 0 1350 4596">
    <p class='ocr_par' dir='ltr' id='par_1_23' title="bbox 0 0 1350 4596">
     <span class='ocr_line' id='line_1_39' title="bbox 0 0 1350 4596; baseline 0 0"><span class='ocrx_word' id='word_1_290' title='bbox 0 0 1350 4596; x_wconf 95' lang='lat' dir='ltr'> </span> 
     </span>
    </p>
   </div>
  </div>
 </body>
</html>
