2690 4596
404 327 744 410 ursQursrrro.
1035 339 1096 420 461

5 493 6 496 =
50 452 140 517 clare
159 451 258 540 gestis
282 471 412 516 menses
434 452 610 517 minimum
634 471 777 542 quatuor
800 478 871 522 esse
893 458 1100 529 tribuendos.

5 566 6 586 ³
52 551 184 648 Pugnat
200 573 314 623 contra
332 558 542 646 Segresiusj
533 583 567 623 m
585 563 715 650 egregia
732 561 927 630 Praelatione
944 566 986 631 ad
1002 569 1102 636 Galli·

5 675 6 680 ’
50 689 136 732 cam
153 654 343 730 AEneidos'
335 668 661 754 interpretationem·
688 651 899 760 ostenditque
923 675 1059 738 AEneam
1083 699 1102 741 e

50 771 171 838 Sicilia
182 765 314 838 nonnisi
335 774 424 837 Julio
446 797 576 854 mense,
600 791 718 863 quarto
737 800 858 864 nempe
876 796 952 866 post
974 779 1103 845 obitum

49 881 155 969 patris
161 882 218 959 ,‘in
231 881 378 946 Africam.
386 882 552 970 appulisse
564 905 570 944 :
583 898 655 947 toto
669 883 727 947 illo
741 884 914 948 intervallo
927 887 1101 974 temporis,

50 987 107 1051 vel
122 975 310 1054 reficiendae
325 989 434 1068 classi,
450 989 503 1053 vel
518 989 745 1077 exspectandae
761 990 944 1056 commodae
959 1007 1104 1081 tempes-

49 1094 127 1174 tati,
144 1095 298 1185 curisque
312 1096 383 1160 aliis
399 1096 561 1184 impenso.
577 1100 685 1186 Atque
697 1089 742 1161 ita
756 1098 903 1185 legitimo
915 1100 1013 1164 unius
1025 1102 1105 1166 anni

50 1199 162 1288 spatio
179 1201 288 1266 AEneis
308 1218 376 1266 tota
394 1201 640 1267 continebitur:
661 1201 753 1291 quod
768 1204 835 1269 suis
852 1203 932 1270 locis
946 1206 1102 1294 probavi·

52 1328 145 1385 mus,
159 1308 342 1395 praesertim
356 1308 413 1372 lib.
431 1311 460 1389 l,
474 1333 504 1373 v.
520 1309 583 1396 539
598 1326 631 1374 et
647 1309 720 1397 760.

99 1415 253 1492 Fanum,
274 1415 343 1478 sive
360 1416 446 1480 actio
463 1417 530 1505 suis
550 1415 707 1504 episodiis
727 1433 855 1496 ornata,
876 1419 981 1506 repeti
996 1435 1107 1509 potest

52 1542 95 1583 ex
112 1521 315 1608 argumentis
333 1522 454 1611 cuique
471 1520 557 1586 libro
574 1521 734 1611 praefixis:
756 1548 793 1588 ea
810 1541 920 1589 tamen
936 1527 1105 1608 cautione,

50 1639 106 1703 ut,
121 1625 148 1688 si
161 1627 321 1714 quaeritur
334 1626 416 1692 brdo
429 1644 604 1717 temporis,
620 1629 786 1696 secundus
801 1631 886 1695 liber
899 1633 1045 1720 primum
1058 1635 1107 1700 le·

51 1729 183 1818 gendu's
196 1731 251 1812 sit,
268 1717 339 1796 turn
354 1735 485 1830 tertius,
502 1734 624 1800 deinde
639 1737 781 1824 primus,
798 1753 934 1826 quartus
950 1738 1109 1828 deinceps

52 1852 88 1902 et
100 1837 202 1902 ceteri
214 1861 224 1932 εΙ
237 1841 314 1906 artis
328 1842 433 1922 enim,
449 1843 517 1907 sive
533 1843 711 1930 poematiS,
727 1843 828 1907 aliurn
842 1841 1109 1935 ordinempoeia

54 1943 214 2023 instituit;
237 1945 425 2035 seriemque
447 1947 599 2040 consulto
616 1945 824 2038 ¹perturbavit
847 1971 960 2013 earum
980 1972 1108 2030 rerum,

56 2050 333 2138 quas'historicus
348 2035 507 2146 singulas,
526 2070 626 2142 prout
642 2070 838 2135 evenerunt,
855 2070 945 2142 recto
962 2078 1000 2120 ac
1015 2071 1108 2120 natu-

53 2155 115 2219 rali
128 2157 245 2222 ordine
257 2157 476 2224 describeret.
817 2238 821 2245 .

101 2261 289 2334 Exordium
307 2265 555 2346 brevissimum,
580 2289 695 2332 versus
718 2268 772 2331 vix
795 2265 988 2356 quindecim
1009 2267 1107 2355 capit.

55 2366 156 2432 Unde
165 2388 279 2435 autem
291 2372 491 2438 sumendum
505 2374 561 2453 sit,
576 2365 765 2439 dubitatur.
778 2390 890 2438 utrum
905 2371 946 2437 ab
962 2373 1025 2437 illis
1038 2385 1110 2437 ver'-

53 2473 167 2541 sibus:
191 2474 252 2540 Ille
266 2503 323 2568 ego
329 2507 339 2556 ,·
359 2504 401 2544 an
416 2478 457 2544 ab
469 2478 536 2559 his,
556 2479 669 2544 Arma
684 2483 856 2569 utrumque
869 2503 961 2543 canc.
981 2479 1051 2566 Ego
1068 2477 1110 2543 ab
1185 2518 1189 2524 -

55 2580 108 2644 his
128 2597 210 2667 puto
228 2583 442 2664 sumendum,
463 2602 592 2649 veteres
610 2600 757 2664 secutuS,
783 2584 909 2671 Virgilii
925 2584 1111 2670 praesertim

54 2686 219 2774 aequales:
241 2689 299 2774 qui
316 2691 447 2776 quoties
465 2689 622 2753 AEneidos
639 2690 835 2767 meminere,
856 2689 953 2752 toties
971 2687 1111 2752 cambis

56 2791 138 2880 ipsis
154 2789 290 2857 vocibus
305 2791 529 2882 designarunt.
546 2793 643 2859 Ovid.
659 2797 771 2858 Amor.
787 2793 843 2857 lib.
858 2797 887 2872 Ι,
907 2791 959 2873 15,
977 2793 1028 2858 25.
1045 2792 1080 2856 T
1066 2817 1111 2882 y·

54 2902 157 2973 tinu,
174 2915 208 2964 et
226 2915 365 2989 segetes,
386 2899 573 2990 AEneiaque
593 2923 689 2964 arrna
709 2901 861 2988 legentur.
885 2897 989 2962 ldem.
1010 2899 1111 2962 Trist.

55 3005 116 3068 lib.
134 3006 180 3084 ΙΙ,
197 3004 270 3070 533.
286 3005 387 3069 Felix
396 3003 556 3069 AEneidos
565 3021 680 3069 auctor
688 3005 824 3070 contidit
836 3007 870 3067 in
887 3003 1004 3092 Tyrios
1015 3027 1113 3068 annu

57 3112 232 3202 virumque
248 3127 340 3176 toros.
361 3114 509 3198 Propert.
524 3109 581 3174 lib.
598 3112 644 3189 Il,
662 3111 718 3190 34,
735 3110 788 3175 63.
804 3095 882 3194 ¹Qui
893 3132 978 3172 nunc
992 3097 1112 3172 AEneoe

61 3215 99 3281 T
93 3219 203 3300 rujani
214 3219 348 3284 siucitut
360 3240 465 3281 artua.
483 3216 658 3295 Martialis,
674 3215 730 3278 lib.
746 3217 841 3295 Vlll,
860 3214 915 3294 56,
938 3238 986 3302 ¹9·
1007 3213 1111 3279 Proti-

59 3343 123 3385 nus
144 3319 283 3386 Italiam
302 3325 450 3408 concepit
467 3337 501 3385 et
521 3345 617 3386 arma
640 3323 831 3411 otiumque,
854 3323 912 3410 qui
932 3317 1027 3384 modo
1046 3321 1112 3383 υἰῑι·

58 3429 350 3522 culicemfleverat
361 3454 415 3495 ore
428 3427 512 3495 rudi.
528 3431 708 3510 Ausonius,
729 3429 823 3518 Epig.
845 3450 915 3516 129.
935 3427 1047 3493 Arma
1058 3430 1113 3492 ui-

60 3559 197 3624 rumque
207 3535 346 3612 docens,
356 3555 455 3628 atque
466 3559 562 3601 arina
573 3540 745 3625 uziumque
755 3537 898 3620 peritias,
906 3549 965 3598 etc.
979 3536 1021 3597 Et
1032 3555 1111 3600 vero

60 3640 178 3708 abesse
193 3643 332 3730 praevios
346 3659 489 3733 quatuor
502 3665 616 3707 versus
633 3665 652 3706 a
668 3644 747 3706 Mss.
760 3639 997 3729 antiquissimis
1013 3654 1112 3703 testa-

61 3765 119 3814 tur
130 3748 274 3814 Pierius:
290 3748 375 3814 adeo
388 3767 425 3814 ut
438 3753 478 3813 N.
493 3749 649 3814 Heinsius
659 3769 721 3811 nec
732 3745 870 3811 editioni
882 3767 949 3810 suae
960 3743 1113 3832 dignatus

61 3856 106 3922 sit
120 3853 317 3920 adscribere.
331 3857 440 3944 Vulgo
453 3873 563 3920 tamen
578 3853 825 3932 adscribuntur,
841 3851 900 3917 sed
913 3873 1062 3917 seorsum
1071 3849 1113 3912 ab

61 3961 135 4028 aliis
148 3962 429 4054 consequentibus
444 3987 451 4029 :
467 3961 557 4031 unde
571 3961 753 4054 conjiciunt
764 3960 916 4052 plerique
928 3982 947 4025 a
958 3959 1070 4025 Tucca
1081 3967 1116 4022 et
