<?xml version="1.0" encoding="UTF-8"?>
<!DOCTYPE html PUBLIC "-//W3C//DTD XHTML 1.0 Transitional//EN"
    "http://www.w3.org/TR/xhtml1/DTD/xhtml1-transitional.dtd">
<html xmlns="http://www.w3.org/1999/xhtml" xml:lang="en" lang="en">
 <head>
  <title>
</title>
<meta http-equiv="Content-Type" content="text/html;charset=utf-8" />
  <meta name='ocr-system' content='tesseract 3.04.00' />
  <meta name='ocr-capabilities' content='ocr_page ocr_carea ocr_par ocr_line ocrx_word'/>
</head>
<body>
  <div class='ocr_page' id='page_1' title='image "./pvirgiliusmaroq03barbgoog_0422.png"; bbox 0 0 2690 4596; ppageno 0'>
   <div class='ocr_carea' id='block_1_1' title="bbox 482 223 1014 483">
    <p class='ocr_par' dir='ltr' id='par_1_1' title="bbox 482 223 1014 483">
     <span class='ocr_line' id='line_1_1' title="bbox 609 223 885 292; baseline 0.011 -5"><span class='ocrx_word' id='word_1_1' title='bbox 609 223 885 292; x_wconf 84' lang='lat' dir='ltr'><strong>DIALOGUS.</strong></span> 
     </span>
     <span class='ocr_line' id='line_1_2' title="bbox 482 423 1014 483; baseline 0.013 -10"><span class='ocrx_word' id='word_1_2' title='bbox 482 423 709 480; x_wconf 70' lang='lat' dir='ltr'>inanimus</span> <span class='ocrx_word' id='word_1_3' title='bbox 734 425 1014 483; x_wconf 79' lang='lat' dir='ltr'>rurootooos.</span> 
     </span>
    </p>
   </div>
   <div class='ocr_carea' id='block_1_2' title="bbox 224 589 1328 1044">
    <p class='ocr_par' dir='ltr' id='par_1_2' title="bbox 224 589 1328 1044">
     <span class='ocr_line' id='line_1_3' title="bbox 245 589 1279 700; baseline 0.018 -42"><span class='ocrx_word' id='word_1_4' title='bbox 245 599 250 618; x_wconf 84' lang='lat'><strong><em>‘</em></strong></span> <span class='ocrx_word' id='word_1_5' title='bbox 273 589 357 660; x_wconf 90' lang='lat' dir='ltr'>Non</span> <span class='ocrx_word' id='word_1_6' title='bbox 374 589 423 664; x_wconf 88' lang='lat' dir='ltr'>ita</span> <span class='ocrx_word' id='word_1_7' title='bbox 438 592 523 666; x_wconf 83' lang='lat' dir='ltr'><strong>felix</strong></span> <span class='ocrx_word' id='word_1_8' title='bbox 541 601 663 687; x_wconf 83' lang='lat' dir='ltr'>veni03</span> <span class='ocrx_word' id='word_1_9' title='bbox 680 598 774 670; x_wconf 87' lang='lat' dir='ltr'>nihil</span> <span class='ocrx_word' id='word_1_10' title='bbox 790 605 877 672; x_wconf 90' lang='lat' dir='ltr'>novi</span> <span class='ocrx_word' id='word_1_11' title='bbox 894 600 1064 700; x_wconf 84' lang='lat' dir='ltr'>quidem,</span> <span class='ocrx_word' id='word_1_12' title='bbox 1087 602 1153 676; x_wconf 89' lang='lat' dir='ltr'>sed</span> <span class='ocrx_word' id='word_1_13' title='bbox 1168 602 1279 678; x_wconf 81' lang='lat' dir='ltr'>affero</span> 
     </span>
     <span class='ocr_line' id='line_1_4' title="bbox 226 700 1328 803; baseline 0.019 -31"><span class='ocrx_word' id='word_1_14' title='bbox 226 700 412 778; x_wconf 90' lang='lat' dir='ltr'>decimum</span> <span class='ocrx_word' id='word_1_15' title='bbox 424 715 571 784; x_wconf 86' lang='lat' dir='ltr'>tertium</span> <span class='ocrx_word' id='word_1_16' title='bbox 582 714 752 785; x_wconf 83' lang='lat' dir='ltr'>AEneidos</span> <span class='ocrx_word' id='word_1_17' title='bbox 760 713 911 803; x_wconf 85' lang='lat' dir='ltr'>librum,</span> <span class='ocrx_word' id='word_1_18' title='bbox 921 714 1183 791; x_wconf 82' lang='lat' dir='ltr'>boudabsurdo</span> <span class='ocrx_word' id='word_1_19' title='bbox 1197 747 1280 792; x_wconf 86' lang='lat' dir='ltr'>oeno</span> <span class='ocrx_word' id='word_1_20' title='bbox 1327 779 1328 786; x_wconf 13' lang='grc' dir='ltr'><strong>κ</strong></span> 
     </span>
     <span class='ocr_line' id='line_1_5' title="bbox 228 825 1281 936; baseline 0.017 -47"><span class='ocrx_word' id='word_1_21' title='bbox 228 825 493 920; x_wconf 86' lang='lat' dir='ltr'>conscriptum,</span> <span class='ocrx_word' id='word_1_22' title='bbox 509 843 550 898; x_wconf 90' lang='lat' dir='ltr'>ut</span> <span class='ocrx_word' id='word_1_23' title='bbox 560 832 609 899; x_wconf 89' lang='lat' dir='ltr'>ait</span> <span class='ocrx_word' id='word_1_24' title='bbox 618 832 674 900; x_wconf 92' lang='lat' dir='ltr'>Jo.</span> <span class='ocrx_word' id='word_1_25' title='bbox 688 829 770 901; x_wconf 84' lang='lat' dir='ltr'>Alb.</span> <span class='ocrx_word' id='word_1_26' title='bbox 786 830 971 903; x_wconf 81' lang='lat' dir='ltr'><strong>Fabricius</strong></span> <span class='ocrx_word' id='word_1_27' title='bbox 986 832 1054 927; x_wconf 89' lang='lat'>(1),</span> <span class='ocrx_word' id='word_1_28' title='bbox 1071 861 1188 936; x_wconf 84' lang='lat' dir='ltr'>neque</span> <span class='ocrx_word' id='word_1_29' title='bbox 1201 841 1281 906; x_wconf 83' lang='lat' dir='ltr'>vitu-</span> 
     </span>
     <span class='ocr_line' id='line_1_6' title="bbox 224 938 1283 1044; baseline 0.016 -41"><span class='ocrx_word' id='word_1_30' title='bbox 224 938 432 1032; x_wconf 83' lang='lat' dir='ltr'>perandum,</span> <span class='ocrx_word' id='word_1_31' title='bbox 459 949 625 1039; x_wconf 88' lang='lat' dir='ltr'>quamvis</span> <span class='ocrx_word' id='word_1_32' title='bbox 649 971 669 1015; x_wconf 92' lang='lat' dir='ltr'>a</span> <span class='ocrx_word' id='word_1_33' title='bbox 694 941 847 1044; x_wconf 80' lang='lat' dir='ltr'>Virgilio</span> <span class='ocrx_word' id='word_1_34' title='bbox 874 947 1068 1036; x_wconf 85' lang='lat' dir='ltr'>distantem,</span> <span class='ocrx_word' id='word_1_35' title='bbox 1095 967 1141 1022; x_wconf 89' lang='lat' dir='ltr'>ut</span> <span class='ocrx_word' id='word_1_36' title='bbox 1168 967 1283 1026; x_wconf 85' lang='lat' dir='ltr'>censet</span> 
     </span>
    </p>
   </div>
   <div class='ocr_carea' id='block_1_3' title="bbox 228 1049 1122 1154">
    <p class='ocr_par' dir='ltr' id='par_1_3' title="bbox 228 1049 1329 1218">
     <span class='ocr_line' id='line_1_7' title="bbox 228 1049 1122 1154; baseline 0.022 -33"><span class='ocrx_word' id='word_1_37' title='bbox 228 1049 344 1124; x_wconf 88' lang='lat' dir='ltr'>Olaus</span> <span class='ocrx_word' id='word_1_38' title='bbox 357 1054 568 1130; x_wconf 89' lang='lat' dir='ltr'>Borrichius</span> <span class='ocrx_word' id='word_1_39' title='bbox 583 1057 596 1154; x_wconf 88' lang='lat'>(</span> <span class='ocrx_word' id='word_1_40' title='bbox 621 1062 646 1154; x_wconf 68' lang='lat' dir='ltr'>l.</span> <span class='ocrx_word' id='word_1_41' title='bbox 1119 1107 1122 1117; x_wconf 89' lang='grc'><strong><em>·</em></strong></span> 
     </span>
    </p>
   </div>
   <div class='ocr_carea' id='block_1_4' title="bbox 663 1249 1329 1360">
    <p class='ocr_par' dir='ltr' id='par_1_4' title="bbox 663 1249 1329 1360">
     <span class='ocr_line' id='line_1_8' title="bbox 663 1249 1329 1360; baseline 0.011 -58"><span class='ocrx_word' id='word_1_42' title='bbox 663 1249 832 1302; x_wconf 72' lang='lat' dir='ltr'>norton.</span> <span class='ocrx_word' id='word_1_43' title='bbox 1328 1291 1329 1360; x_wconf 51' lang='lat' dir='ltr'>g</span> 
     </span>
    </p>
   </div>
   <div class='ocr_carea' id='block_1_5' title="bbox 229 1383 1329 1834">
    <p class='ocr_par' dir='ltr' id='par_1_5' title="bbox 229 1383 1329 1834">
     <span class='ocr_line' id='line_1_9' title="bbox 279 1383 1329 1492; baseline 0.01 -40"><span class='ocrx_word' id='word_1_44' title='bbox 279 1383 362 1454; x_wconf 91' lang='lat' dir='ltr'>Non</span> <span class='ocrx_word' id='word_1_45' title='bbox 380 1391 462 1459; x_wconf 87' lang='lat' dir='ltr'>satis</span> <span class='ocrx_word' id='word_1_46' title='bbox 477 1407 528 1461; x_wconf 88' lang='lat' dir='ltr'>est</span> <span class='ocrx_word' id='word_1_47' title='bbox 542 1387 638 1462; x_wconf 78' lang='lat' dir='ltr'>baud</span> <span class='ocrx_word' id='word_1_48' title='bbox 649 1389 834 1463; x_wconf 81' lang='lat' dir='ltr'>absurdum</span> <span class='ocrx_word' id='word_1_49' title='bbox 850 1415 938 1480; x_wconf 85' lang='lat' dir='ltr'>esse,</span> <span class='ocrx_word' id='word_1_50' title='bbox 954 1417 1066 1492; x_wconf 81' lang='lat' dir='ltr'>oeque</span> <span class='ocrx_word' id='word_1_51' title='bbox 1082 1397 1284 1491; x_wconf 83' lang='lat' dir='ltr'>vituperco-</span> <span class='ocrx_word' id='word_1_52' title='bbox 1328 1447 1329 1454; x_wconf 15' lang='grc' dir='ltr'><strong>κ</strong></span> 
     </span>
     <span class='ocr_line' id='line_1_10' title="bbox 229 1490 1283 1606; baseline 0.01 -41"><span class='ocrx_word' id='word_1_53' title='bbox 229 1490 326 1582; x_wconf 85' lang='lat' dir='ltr'>dum,</span> <span class='ocrx_word' id='word_1_54' title='bbox 349 1525 460 1597; x_wconf 85' lang='lat' dir='ltr'>quem</span> <span class='ocrx_word' id='word_1_55' title='bbox 481 1507 743 1578; x_wconf 87' lang='lat' dir='ltr'>continuandae</span> <span class='ocrx_word' id='word_1_56' title='bbox 763 1509 925 1579; x_wconf 89' lang='lat' dir='ltr'>Maronis</span> <span class='ocrx_word' id='word_1_57' title='bbox 943 1505 1128 1580; x_wconf 88' lang='lat' dir='ltr'>divinitati</span> <span class='ocrx_word' id='word_1_58' title='bbox 1151 1507 1283 1606; x_wconf 90' lang='lat' dir='ltr'>adjun-</span> 
     </span>
     <span class='ocr_line' id='line_1_11' title="bbox 230 1613 1283 1710; baseline 0.011 -30"><span class='ocrx_word' id='word_1_59' title='bbox 230 1631 313 1706; x_wconf 75' lang='lat' dir='ltr'>gere</span> <span class='ocrx_word' id='word_1_60' title='bbox 331 1613 509 1689; x_wconf 84' lang='lat' dir='ltr'>volueris:</span> <span class='ocrx_word' id='word_1_61' title='bbox 528 1625 581 1691; x_wconf 91' lang='lat' dir='ltr'>tui</span> <span class='ocrx_word' id='word_1_62' title='bbox 596 1627 760 1693; x_wconf 86' lang='lat' dir='ltr'>muneris</span> <span class='ocrx_word' id='word_1_63' title='bbox 774 1639 963 1694; x_wconf 80' lang='lat' dir='ltr'>auctorem</span> <span class='ocrx_word' id='word_1_64' title='bbox 977 1622 1211 1710; x_wconf 89' lang='lat' dir='ltr'>subodoror;</span> <span class='ocrx_word' id='word_1_65' title='bbox 1227 1621 1283 1692; x_wconf 88' lang='lat' dir='ltr'>dic</span> 
     </span>
     <span class='ocr_line' id='line_1_12' title="bbox 231 1729 1248 1834; baseline 0.013 -40"><span class='ocrx_word' id='word_1_66' title='bbox 231 1749 312 1821; x_wconf 88' lang='lat' dir='ltr'>age,</span> <span class='ocrx_word' id='word_1_67' title='bbox 327 1733 409 1825; x_wconf 89' lang='lat' dir='ltr'>quis</span> <span class='ocrx_word' id='word_1_68' title='bbox 420 1729 530 1804; x_wconf 85' lang='lat' dir='ltr'>fuerit</span> <span class='ocrx_word' id='word_1_69' title='bbox 543 1736 690 1834; x_wconf 89' lang='lat' dir='ltr'>grandis</span> <span class='ocrx_word' id='word_1_70' title='bbox 705 1735 767 1808; x_wconf 90' lang='lat' dir='ltr'>ille</span> <span class='ocrx_word' id='word_1_71' title='bbox 783 1737 922 1808; x_wconf 88' lang='lat' dir='ltr'>Andini</span> <span class='ocrx_word' id='word_1_72' title='bbox 936 1741 1027 1808; x_wconf 90' lang='lat' dir='ltr'>vatis</span> <span class='ocrx_word' id='word_1_73' title='bbox 1041 1737 1248 1810; x_wconf 70' lang='lat' dir='ltr'>aemulator.</span> 
     </span>
    </p>
   </div>
   <div class='ocr_carea' id='block_1_6' title="bbox 489 1923 1019 1979">
    <p class='ocr_par' dir='ltr' id='par_1_6' title="bbox 489 1923 1019 1979">
     <span class='ocr_line' id='line_1_13' title="bbox 489 1923 1019 1979; baseline 0.008 -6"><span class='ocrx_word' id='word_1_74' title='bbox 489 1923 716 1979; x_wconf 79' lang='lat' dir='ltr'>lTALlANUS</span> <span class='ocrx_word' id='word_1_75' title='bbox 741 1925 1019 1979; x_wconf 79' lang='lat' dir='ltr'>PHlLOLOGUS.</span> 
     </span>
    </p>
   </div>
   <div class='ocr_carea' id='block_1_7' title="bbox 230 2065 1330 3552">
    <p class='ocr_par' dir='ltr' id='par_1_7' title="bbox 230 2065 1330 3430">
     <span class='ocr_line' id='line_1_14' title="bbox 280 2065 1284 2175; baseline 0.009 -42"><span class='ocrx_word' id='word_1_76' title='bbox 280 2065 373 2138; x_wconf 85' lang='lat' dir='ltr'>Vere</span> <span class='ocrx_word' id='word_1_77' title='bbox 387 2074 552 2166; x_wconf 65' lang='lat' dir='ltr'>grandem</span> <span class='ocrx_word' id='word_1_78' title='bbox 567 2092 706 2175; x_wconf 82' lang='lat' dir='ltr'>poetam</span> <span class='ocrx_word' id='word_1_79' title='bbox 721 2074 825 2148; x_wconf 91' lang='lat' dir='ltr'>hunc</span> <span class='ocrx_word' id='word_1_80' title='bbox 843 2078 1013 2148; x_wconf 88' lang='lat' dir='ltr'>nominat</span> <span class='ocrx_word' id='word_1_81' title='bbox 1026 2073 1151 2146; x_wconf 84' lang='lat' dir='ltr'>Julius</span> <span class='ocrx_word' id='word_1_82' title='bbox 1168 2074 1284 2146; x_wconf 82' lang='lat' dir='ltr'>Caesar</span> 
     </span>
     <span class='ocr_line' id='line_1_15' title="bbox 232 2177 1097 2288; baseline 0.013 -39"><span class='ocrx_word' id='word_1_83' title='bbox 232 2177 389 2277; x_wconf 77' lang='lat' dir='ltr'>Scaliger</span> <span class='ocrx_word' id='word_1_84' title='bbox 402 2186 469 2278; x_wconf 82' lang='lat'>(3),</span> <span class='ocrx_word' id='word_1_85' title='bbox 485 2215 551 2260; x_wconf 91' lang='lat' dir='ltr'>nec</span> <span class='ocrx_word' id='word_1_86' title='bbox 567 2191 748 2288; x_wconf 67' lang='lat' dir='ltr'>indignam</span> <span class='ocrx_word' id='word_1_87' title='bbox 762 2195 874 2288; x_wconf 68' lang='lat' dir='ltr'>gratia</span> <span class='ocrx_word' id='word_1_88' title='bbox 892 2191 1097 2262; x_wconf 77' lang='lat' dir='ltr'><strong><em>doctiorum.</em></strong></span> 
     </span>
     <span class='ocr_line' id='line_1_16' title="bbox 280 2295 1285 2400; baseline 0.012 -39"><span class='ocrx_word' id='word_1_89' title='bbox 280 2295 360 2388; x_wconf 88' lang='lat' dir='ltr'>Ipse</span> <span class='ocrx_word' id='word_1_90' title='bbox 374 2298 457 2370; x_wconf 88' lang='lat' dir='ltr'>Ger.</span> <span class='ocrx_word' id='word_1_91' title='bbox 475 2304 532 2374; x_wconf 87' lang='lat' dir='ltr'>Jo.</span> <span class='ocrx_word' id='word_1_92' title='bbox 548 2308 713 2395; x_wconf 85' lang='lat' dir='ltr'>Vossius&#39;,</span> <span class='ocrx_word' id='word_1_93' title='bbox 731 2305 932 2378; x_wconf 90' lang='lat' dir='ltr'>latinorum</span> <span class='ocrx_word' id='word_1_94' title='bbox 947 2309 1145 2377; x_wconf 85' lang='lat' dir='ltr'>Poetarum</span> <span class='ocrx_word' id='word_1_95' title='bbox 1160 2305 1285 2400; x_wconf 85' lang='lat' dir='ltr'>aequis-</span> 
     </span>
     <span class='ocr_line' id='line_1_17' title="bbox 231 2406 1330 2520; baseline 0.017 -48"><span class='ocrx_word' id='word_1_96' title='bbox 231 2406 345 2477; x_wconf 86' lang='lat' dir='ltr'>simus</span> <span class='ocrx_word' id='word_1_97' title='bbox 354 2408 484 2506; x_wconf 82' lang='lat' dir='ltr'>judex,</span> <span class='ocrx_word' id='word_1_98' title='bbox 499 2420 566 2506; x_wconf 89' lang='lat' dir='ltr'>ait;</span> <span class='ocrx_word' id='word_1_99' title='bbox 586 2419 797 2494; x_wconf 77' lang='lat' dir='ltr'>«Saeculum</span> <span class='ocrx_word' id='word_1_100' title='bbox 808 2419 967 2518; x_wconf 85' lang='lat' dir='ltr'>Maphaei</span> <span class='ocrx_word' id='word_1_101' title='bbox 981 2422 1085 2520; x_wconf 88' lang='lat' dir='ltr'>Vegii</span> <span class='ocrx_word' id='word_1_102' title='bbox 1100 2422 1286 2516; x_wconf 86' lang='lat' dir='ltr'>(namque</span> <span class='ocrx_word' id='word_1_103' title='bbox 1329 2495 1330 2516; x_wconf 22' lang='lat' dir='ltr'>g</span> 
     </span>
     <span class='ocr_line' id='line_1_18' title="bbox 230 2528 1285 2632; baseline 0.015 -44"><span class='ocrx_word' id='word_1_104' title='bbox 230 2528 425 2616; x_wconf 87' lang='lat' dir='ltr'>agnovisti,</span> <span class='ocrx_word' id='word_1_105' title='bbox 450 2555 517 2601; x_wconf 89' lang='lat' dir='ltr'>nec</span> <span class='ocrx_word' id='word_1_106' title='bbox 534 2531 610 2630; x_wconf 90' lang='lat' dir='ltr'>jam</span> <span class='ocrx_word' id='word_1_107' title='bbox 633 2533 737 2606; x_wconf 87' lang='lat' dir='ltr'>silere</span> <span class='ocrx_word' id='word_1_108' title='bbox 759 2534 812 2607; x_wconf 84' lang='lat' dir='ltr'>fas</span> <span class='ocrx_word' id='word_1_109' title='bbox 835 2536 923 2630; x_wconf 88' lang='lat' dir='ltr'>est),</span> <span class='ocrx_word' id='word_1_110' title='bbox 946 2561 1024 2606; x_wconf 95' lang='lat' dir='ltr'>non</span> <span class='ocrx_word' id='word_1_111' title='bbox 1049 2550 1200 2632; x_wconf 89' lang='lat' dir='ltr'>poetam</span> <span class='ocrx_word' id='word_1_112' title='bbox 1221 2533 1285 2604; x_wconf 86' lang='lat' dir='ltr'>illo</span> 
     </span>
     <span class='ocr_line' id='line_1_19' title="bbox 231 2635 1284 2748; baseline 0.014 -45"><span class='ocrx_word' id='word_1_113' title='bbox 231 2635 410 2734; x_wconf 89' lang='lat' dir='ltr'>majorem</span> <span class='ocrx_word' id='word_1_114' title='bbox 426 2643 510 2715; x_wconf 88' lang='lat' dir='ltr'>tulit</span> <span class='ocrx_word' id='word_1_115' title='bbox 524 2645 586 2744; x_wconf 76' lang='lat' dir='ltr'>(l)-</span> <span class='ocrx_word' id='word_1_116' title='bbox 600 2681 614 2712; x_wconf 73' lang='grc' dir='ltr'>ιι</span> <span class='ocrx_word' id='word_1_117' title='bbox 637 2649 772 2721; x_wconf 90' lang='lat' dir='ltr'>Paulus</span> <span class='ocrx_word' id='word_1_118' title='bbox 786 2653 913 2722; x_wconf 87' lang='lat' dir='ltr'>Jovius</span> <span class='ocrx_word' id='word_1_119' title='bbox 926 2650 1067 2748; x_wconf 85' lang='lat' dir='ltr'>(elogio</span> <span class='ocrx_word' id='word_1_120' title='bbox 1087 2649 1175 2748; x_wconf 81' lang='lat'>107)</span> <span class='ocrx_word' id='word_1_121' title='bbox 1191 2647 1284 2719; x_wconf 86' lang='lat' dir='ltr'>affir-</span> 
     </span>
     <span class='ocr_line' id='line_1_20' title="bbox 231 2758 1285 2864; baseline 0.013 -45"><span class='ocrx_word' id='word_1_122' title='bbox 231 2769 324 2840; x_wconf 89' lang='lat' dir='ltr'><strong>mat,</strong></span> <span class='ocrx_word' id='word_1_123' title='bbox 342 2782 361 2825; x_wconf 89' lang='lat' dir='ltr'>a</span> <span class='ocrx_word' id='word_1_124' title='bbox 381 2758 550 2856; x_wconf 86' lang='lat' dir='ltr'>Maphaeo</span> <span class='ocrx_word' id='word_1_125' title='bbox 566 2766 680 2862; x_wconf 89' lang='lat' dir='ltr'>Vegio</span> <span class='ocrx_word' id='word_1_126' title='bbox 698 2764 807 2864; x_wconf 91' lang='lat' dir='ltr'>longe</span> <span class='ocrx_word' id='word_1_127' title='bbox 823 2769 986 2862; x_wconf 86' lang='lat' dir='ltr'>superari</span> <span class='ocrx_word' id='word_1_128' title='bbox 1006 2789 1136 2835; x_wconf 89' lang='lat' dir='ltr'>omncs</span> <span class='ocrx_word' id='word_1_129' title='bbox 1154 2761 1285 2834; x_wconf 89' lang='lat' dir='ltr'>latinos</span> 
     </span>
     <span class='ocr_line' id='line_1_21' title="bbox 230 2877 1289 2971; baseline 0.01 -34"><span class='ocrx_word' id='word_1_130' title='bbox 230 2883 370 2965; x_wconf 86' lang='lat' dir='ltr'>poetas,</span> <span class='ocrx_word' id='word_1_131' title='bbox 392 2877 455 2971; x_wconf 91' lang='lat' dir='ltr'>qui</span> <span class='ocrx_word' id='word_1_132' title='bbox 475 2902 495 2945; x_wconf 90' lang='lat' dir='ltr'>a</span> <span class='ocrx_word' id='word_1_133' title='bbox 517 2877 618 2949; x_wconf 88' lang='lat' dir='ltr'>mille</span> <span class='ocrx_word' id='word_1_134' title='bbox 631 2882 752 2969; x_wconf 85' lang='lat' dir='ltr'>annis,</span> <span class='ocrx_word' id='word_1_135' title='bbox 773 2879 845 2950; x_wconf 89' lang='lat' dir='ltr'>hoc</span> <span class='ocrx_word' id='word_1_136' title='bbox 859 2894 927 2968; x_wconf 89' lang='lat' dir='ltr'>est,</span> <span class='ocrx_word' id='word_1_137' title='bbox 950 2905 970 2950; x_wconf 91' lang='lat' dir='ltr'>a</span> <span class='ocrx_word' id='word_1_138' title='bbox 988 2877 1220 2967; x_wconf 86' lang='lat' dir='ltr'>Claudiano,</span> <span class='ocrx_word' id='word_1_139' title='bbox 1243 2904 1289 2948; x_wconf 89' lang='lat' dir='ltr'>ne</span> 
     </span>
     <span class='ocr_line' id='line_1_22' title="bbox 231 2979 1287 3092; baseline 0.013 -42"><span class='ocrx_word' id='word_1_140' title='bbox 231 2979 425 3059; x_wconf 85' lang='lat' dir='ltr'>Petrarcha</span> <span class='ocrx_word' id='word_1_141' title='bbox 442 2991 592 3088; x_wconf 88' lang='lat' dir='ltr'>quidem</span> <span class='ocrx_word' id='word_1_142' title='bbox 614 3011 781 3092; x_wconf 82' lang='lat' dir='ltr'>excepto,</span> <span class='ocrx_word' id='word_1_143' title='bbox 803 2997 971 3092; x_wconf 89' lang='lat' dir='ltr'>quamvis</span> <span class='ocrx_word' id='word_1_144' title='bbox 992 3020 1079 3065; x_wconf 90' lang='lat' dir='ltr'>eum</span> <span class='ocrx_word' id='word_1_145' title='bbox 1103 2997 1287 3065; x_wconf 88' lang='lat' dir='ltr'>ornaverit</span> 
     </span>
     <span class='ocr_line' id='line_1_23' title="bbox 232 3097 1286 3208; baseline 0.012 -41"><span class='ocrx_word' id='word_1_146' title='bbox 232 3097 439 3197; x_wconf 86' lang='lat' dir='ltr'>Capitolina</span> <span class='ocrx_word' id='word_1_147' title='bbox 457 3107 624 3179; x_wconf 87' lang='lat' dir='ltr'>Laurus:</span> <span class='ocrx_word' id='word_1_148' title='bbox 651 3141 665 3171; x_wconf 70' lang='grc' dir='ltr'>ιι</span> <span class='ocrx_word' id='word_1_149' title='bbox 677 3107 840 3181; x_wconf 88' lang='lat' dir='ltr'>Felicitcr</span> <span class='ocrx_word' id='word_1_150' title='bbox 852 3108 1054 3208; x_wconf 80' lang='lat' dir='ltr'>Virgilium</span> <span class='ocrx_word' id='word_1_151' title='bbox 1074 3108 1286 3196; x_wconf 85' lang='lat' dir='ltr'>aemulatus,</span> 
     </span>
     <span class='ocr_line' id='line_1_24' title="bbox 233 3215 1285 3322; baseline 0.012 -40"><span class='ocrx_word' id='word_1_152' title='bbox 233 3215 371 3308; x_wconf 83' lang='lat' dir='ltr'>grande</span> <span class='ocrx_word' id='word_1_153' title='bbox 386 3220 563 3316; x_wconf 83' lang='lat' dir='ltr'>quiddam</span> <span class='ocrx_word' id='word_1_154' title='bbox 587 3228 716 3322; x_wconf 80' lang='lat' dir='ltr'>spirat,</span> <span class='ocrx_word' id='word_1_155' title='bbox 736 3241 770 3296; x_wconf 87' lang='lat' dir='ltr'>ct</span> <span class='ocrx_word' id='word_1_156' title='bbox 793 3225 986 3297; x_wconf 89' lang='lat' dir='ltr'>heroicum</span> <span class='ocrx_word' id='word_1_157' title='bbox 1009 3241 1159 3296; x_wconf 79' lang='lat' dir='ltr'>sonat.»</span> <span class='ocrx_word' id='word_1_158' title='bbox 1190 3223 1285 3319; x_wconf 90' lang='lat' dir='ltr'>Quid</span> 
     </span>
     <span class='ocr_line' id='line_1_25' title="bbox 232 3333 1284 3430; baseline 0.013 -35"><span class='ocrx_word' id='word_1_159' title='bbox 232 3333 322 3420; x_wconf 83' lang='lat' dir='ltr'>petis</span> <span class='ocrx_word' id='word_1_160' title='bbox 345 3333 503 3430; x_wconf 88' lang='lat' dir='ltr'>amplius</span> <span class='ocrx_word' id='word_1_161' title='bbox 526 3338 573 3410; x_wconf 89' lang='lat' dir='ltr'>ad</span> <span class='ocrx_word' id='word_1_162' title='bbox 594 3339 865 3412; x_wconf 88' lang='lat' dir='ltr'>conciliandam</span> <span class='ocrx_word' id='word_1_163' title='bbox 886 3339 981 3411; x_wconf 88' lang='lat' dir='ltr'>mihi</span> <span class='ocrx_word' id='word_1_164' title='bbox 1002 3343 1215 3414; x_wconf 86' lang='lat' dir='ltr'>Doctorum</span> <span class='ocrx_word' id='word_1_165' title='bbox 1235 3339 1284 3412; x_wconf 88' lang='lat' dir='ltr'>vel</span> 
     </span>
    </p>

    <p class='ocr_par' dir='ltr' id='par_1_8' title="bbox 233 3451 726 3552">
     <span class='ocr_line' id='line_1_26' title="bbox 233 3451 726 3552; baseline 0.012 -34"><span class='ocrx_word' id='word_1_166' title='bbox 233 3451 537 3524; x_wconf 88' lang='lat' dir='ltr'>Doctissimorum</span> <span class='ocrx_word' id='word_1_167' title='bbox 555 3453 726 3552; x_wconf 80' lang='lat' dir='ltr'>gratiam?</span> 
     </span>
    </p>
   </div>
   <div class='ocr_carea' id='block_1_8' title="bbox 286 3706 922 4022">
    <p class='ocr_par' dir='ltr' id='par_1_9' title="bbox 289 3706 821 3780">
     <span class='ocr_line' id='line_1_27' title="bbox 289 3706 821 3780; baseline 0.008 -25"><span class='ocrx_word' id='word_1_168' title='bbox 289 3706 313 3776; x_wconf 88' lang='grc' dir='ltr'>ι)</span> <span class='ocrx_word' id='word_1_169' title='bbox 324 3706 489 3760; x_wconf 86' lang='lat' dir='ltr'>Bibliotheca</span> <span class='ocrx_word' id='word_1_170' title='bbox 498 3709 594 3773; x_wconf 86' lang='lat' dir='ltr'>latina,</span> <span class='ocrx_word' id='word_1_171' title='bbox 607 3708 653 3760; x_wconf 91' lang='lat' dir='ltr'>lib.</span> <span class='ocrx_word' id='word_1_172' title='bbox 667 3712 692 3777; x_wconf 80' lang='lat'>1,</span> <span class='ocrx_word' id='word_1_173' title='bbox 704 3728 764 3780; x_wconf 89' lang='lat' dir='ltr'>cap.</span> <span class='ocrx_word' id='word_1_174' title='bbox 782 3727 821 3761; x_wconf 82' lang='lat'>12.</span> 
     </span>
    </p>

    <p class='ocr_par' dir='ltr' id='par_1_10' title="bbox 287 3785 876 3862">
     <span class='ocr_line' id='line_1_28' title="bbox 287 3785 876 3862; baseline 0.007 -26"><span class='ocrx_word' id='word_1_175' title='bbox 287 3785 313 3855; x_wconf 78' lang='lat' dir='ltr'>a)</span> <span class='ocrx_word' id='word_1_176' title='bbox 325 3787 481 3838; x_wconf 82' lang='lat' dir='ltr'>Dissertatio</span> <span class='ocrx_word' id='word_1_177' title='bbox 494 3788 527 3840; x_wconf 88' lang='lat' dir='ltr'>de</span> <span class='ocrx_word' id='word_1_178' title='bbox 539 3789 616 3839; x_wconf 84' lang='lat' dir='ltr'>Poesi</span> <span class='ocrx_word' id='word_1_179' title='bbox 629 3789 727 3855; x_wconf 86' lang='lat' dir='ltr'>latina,</span> <span class='ocrx_word' id='word_1_180' title='bbox 740 3809 802 3862; x_wconf 88' lang='lat' dir='ltr'>pag.</span> <span class='ocrx_word' id='word_1_181' title='bbox 820 3805 876 3860; x_wconf 86' lang='lat'><strong>107.</strong></span> 
     </span>
    </p>

    <p class='ocr_par' dir='ltr' id='par_1_11' title="bbox 286 3866 922 4022">
     <span class='ocr_line' id='line_1_29' title="bbox 286 3866 922 3943; baseline 0.006 -24"><span class='ocrx_word' id='word_1_182' title='bbox 286 3866 312 3935; x_wconf 85' lang='lat'>3)</span> <span class='ocrx_word' id='word_1_183' title='bbox 324 3867 381 3916; x_wconf 89' lang='lat' dir='ltr'>Lib.</span> <span class='ocrx_word' id='word_1_184' title='bbox 395 3866 430 3916; x_wconf 91' lang='lat' dir='ltr'>VI</span> <span class='ocrx_word' id='word_1_185' title='bbox 442 3869 575 3935; x_wconf 71' lang='lat' dir='ltr'>Ponticos,</span> <span class='ocrx_word' id='word_1_186' title='bbox 588 3887 647 3939; x_wconf 84' lang='lat' dir='ltr'>cap.</span> <span class='ocrx_word' id='word_1_187' title='bbox 662 3871 692 3938; x_wconf 73' lang='lat'>4,</span> <span class='ocrx_word' id='word_1_188' title='bbox 704 3889 766 3943; x_wconf 86' lang='lat' dir='ltr'>pag.</span> <span class='ocrx_word' id='word_1_189' title='bbox 781 3869 840 3941; x_wconf 78' lang='lat'>725.</span> <span class='ocrx_word' id='word_1_190' title='bbox 921 3869 922 3876; x_wconf 41' lang='lat'>¹</span> 
     </span>
     <span class='ocr_line' id='line_1_30' title="bbox 288 3943 884 4022; baseline 0.012 -29"><span class='ocrx_word' id='word_1_191' title='bbox 288 3943 315 4012; x_wconf 72' lang='grc'>4)</span> <span class='ocrx_word' id='word_1_192' title='bbox 326 3944 385 3995; x_wconf 88' lang='lat' dir='ltr'>Lib.</span> <span class='ocrx_word' id='word_1_193' title='bbox 398 3943 493 4014; x_wconf 87' lang='lat' dir='ltr'>singul.</span> <span class='ocrx_word' id='word_1_194' title='bbox 507 3946 540 3998; x_wconf 84' lang='lat' dir='ltr'>de</span> <span class='ocrx_word' id='word_1_195' title='bbox 552 3949 639 4000; x_wconf 84' lang='lat' dir='ltr'>Poetis</span> <span class='ocrx_word' id='word_1_196' title='bbox 651 3949 756 4017; x_wconf 80' lang='lat' dir='ltr'>latinis,</span> <span class='ocrx_word' id='word_1_197' title='bbox 767 3969 828 4022; x_wconf 80' lang='lat' dir='ltr'>pag.</span> <span class='ocrx_word' id='word_1_198' title='bbox 843 3947 884 4018; x_wconf 70' lang='lat'>70.</span> 
     </span>
    </p>
   </div>
   <div class='ocr_carea' id='block_1_9' title="bbox 273 3707 285 4012">
    <p class='ocr_par' dir='ltr' id='par_1_12' title="bbox 273 3707 285 4012">
     <span class='ocr_line' id='line_1_31' title="bbox 273 3707 283 3775; baseline 0 0"><span class='ocrx_word' id='word_1_199' title='bbox 273 3707 283 3775; x_wconf 89' lang='grc'>(</span> 
     </span>
     <span class='ocr_line' id='line_1_32' title="bbox 273 3787 284 3856; baseline 0 0"><span class='ocrx_word' id='word_1_200' title='bbox 273 3787 284 3856; x_wconf 92' lang='grc'>(</span> 
     </span>
     <span class='ocr_line' id='line_1_33' title="bbox 273 3867 283 3934; baseline 0 0"><span class='ocrx_word' id='word_1_201' title='bbox 273 3867 283 3934; x_wconf 92' lang='grc'>(</span> 
     </span>
     <span class='ocr_line' id='line_1_34' title="bbox 274 3945 285 4012; baseline 0 0"><span class='ocrx_word' id='word_1_202' title='bbox 274 3945 285 4012; x_wconf 77' lang='lat' dir='ltr'>l</span> 
     </span>
    </p>
   </div>
   <div class='ocr_carea' id='block_1_10' title="bbox 0 0 1350 4596">
    <p class='ocr_par' dir='ltr' id='par_1_13' title="bbox 0 0 1350 4596">
     <span class='ocr_line' id='line_1_35' title="bbox 0 0 1350 4596; baseline 0 0"><span class='ocrx_word' id='word_1_203' title='bbox 0 0 1350 4596; x_wconf 95' lang='lat' dir='ltr'> </span> 
     </span>
    </p>
   </div>
  </div>
 </body>
</html>
