2690 4596
202 268 266 348 408
311 343 320 364 .
586 259 859 328 nrsnoeus.

200 413 310 488 quem
320 387 438 458 Τιιιιιί
446 387 629 483 exsequias
638 383 898 482 perintervalla
907 391 1146 486 negotiorum
1157 417 1263 464 com·

203 519 400 601 ponentem
413 498 841 572 laudavitNic..Heinsius
853 501 962 596 (1)‚et
971 505 1031 602 cuj
1037 531 1080 577 us
1088 511 1263 579 earmina

199 619 278 690 'non
295 619 418 688 timuit
431 639 560 687 vocare
576 611 860 713 Supplementum
873 617 1062 690 AEneidos?

458 813 683 867 tutunus
708 814 987 869 enimtocus.

251 971 420 1044 Libenter
429 973 579 1042 Heinsio
594 969 816 1061 adhaeream,
831 999 898 1046 nec
908 988 949 1045 tu
960 974 1131 1072 denegem
1148 998 1258 1058 nam,

203 1090 233 1159 si
254 1085 343 1158 fides
362 1085 539 1158 habeatur
557 1084 705 1185 collegoe
727 1101 809 1176 tuo,
835 1103 910 1159 tam
934 1087 1057 1178 docte,
1084 1105 1160 1159 tam
1186 1085 1259 1157 ele-

204 1219 346 1302 ganter,
363 1217 439 1272 tam
455 1205 611 1272 oratorie
625 1200 670 1271 de
686 1200 809 1272 Ovidii
824 1201 995 1300 operibus
1012 1220 1122 1301 atque
1138 1206 1258 1273 inter-

203 1313 466 1416 pretationibus
490 1312 655 1412 praefanti
677 1315 744 1411 (2),
765 1315 881 1388 Nicol.
901 1319 1073 1389 Heinsius
1090 1330 1258 1415 apparet,

205 1456 344 1502 unusex
355 1427 433 1516 illis,
447 1434 508 1528 qui
519 1425 729 1526 lonqioribus
744 1429 932 1502 intervallis
947 1438 1020 1503 ruri
1032 1446 1257 1529 exsurgunt,

205 1559 257 1631 ut,
279 1544 373 1642 quod
393 1548 428 1613 in
448 1566 565 1612 rerum
583 1539 808 1640 physicarum
828 1544 964 1632 ordine,
987 1546 1024 1616 id
1038 1544 1093 1616 vel
1113 1551 1149 1615 in
1171 1544 1258 1616 orbe

205 1659 357 1732 literario
372 1661 522 1757 experiri
532 1653 619 1728 velle
634 1673 761 1730 natura
775 1659 941 1731 videatur.
956 1662 1097 1732 Tamen
1110 1659 1258 1731 fatebor

203 1772 298 1848 mihi
319 1797 515 1870 nunquam
537 1769 583 1842 ad
608 1797 711 1844 aures
737 1779 939 1871 pervenisse
961 1801 1100 1847 nomen
1122 1777 1258 1846 Foresti

204 1889 320 1978 illius,
342 1891 382 1959 in
397 1911 554 1986 supremo
570 1884 781 1986 Reipublicae
794 1887 949 1987 Belqieoe
962 1905 1084 1962 senatu
1100 1891 1257 1963 AEneida

205 2002 418 2105 supplentis.

642 2119 810 2174 sutton.

252 2285 417 2382 Forsitan
432 2306 452 2351 e
466 2295 669 2351 nostratum
686 2279 836 2377 pulvere
851 2279 966 2352 latino
979 2284 1104 2353 eruisti
1120 2307 1255 2380 quem-

205 2397 291 2469 dam
317 2398 429 2488 Ducis
457 2393 725 2465 Aurelianensis
752 2395 1154 2468 Architricliniarcham
1182 2397 1254 2494 (3),

204 2515 269 2612 qui
287 2509 585 2608 supplementum
602 2511 641 2578 in
657 2508 904 2607 virgilianum
920 2537 1007 2610 epos
1025 2512 1131 2583 edere
1144 2537 1256 2584 ausus

204 2643 272 2718 est,
292 2653 379 2699 cum
401 2625 695 2721 interpretatione
713 2640 748 2694 et
768 2630 880 2714 notis,
902 2641 944 2696 ut
962 2631 1038 2724 ipse
1056 2626 1125 2700 sibi
1145 2627 1254 2718 soret,

204 2742 307 2844 quod
323 2742 466 2813 Servius
481 2755 515 2810 et
529 2737 645 2812 Cerda
662 2737 813 2811 fuerunt
827 2742 990 2830 Maroni,
1006 2742 1044 2812 id
1057 2763 1124 2831 est,
1142 2747 1255 2814 comis

204 2876 238 2932 et
248 2856 485 2955 obsequiosus
495 2868 777 2943 commentatum
793 2858 931 2953 quique
942 2861 1016 2928 suis
1028 2858 1257 2932 carminibus

204 2978 312 3049 etiam
327 2997 464 3044 nomen
478 2973 528 3040 sic
542 2973 699 3039 intexere
712 2993 790 3042 nou
804 2968 951 3043 erubuit
965 2971 1020 3068 (v.
1038 2974 1150 3070 215);

304 3143 336 3205 V
334 3137 477 3199 illanouas
489 3133 652 3218 quondam
663 3133 986 3198 meritumallectavit
998 3135 1177 3218 honorem3

206 3297 293 3392 quia
308 3293 487 3362 nimirum
503 3291 542 3357 in
559 3288 826 3386 Georgicorum
843 3287 917 3361 fine
933 3280 1085 3389 legerat,

302 3426 362 3516 Illo
377 3459 408 3520 V
406 3455 535 3538 irqilium
546 3476 597 3515 me
608 3467 750 3538 tempore
762 3455 864 3517 dulcis
876 3456 979 3517 alebat

302 3545 516 3628 Parthenope,
529 3544 642 3606 studiis
653 3545 818 3608 florentem
829 3544 979 3630 ignobilis
992 3547 1050 3607 ott.

240 3801 265 3872 (ι
270 3802 280 3873 )
256 3801 322 3854 {lu
333 3800 453 3872 Epistola
465 3801 500 3856 ad
511 3805 545 3856 ls.
558 3805 683 3858 Vossium
696 3807 796 3898 scripta
808 3824 879 3858 auno
894 3802 968 3858 1551.

240 3879 358 3954 ()V1de
370 3883 555 3951 praefationem
567 3884 657 3936 ovidii
669 3887 767 3952 nostri,
779 3885 832 3938 vol.
845 3887 942 3958 Istrou.
956 3901 1008 3937 xv·
1020 3883 1049 3936 J
1062 3883 1097 3938 A.
1110 3883 1207 3939 Amas.

238 3963 251 4030 (
251 3960 279 4034 3)
294 3963 321 4016 G
333 3959 359 4016 8
372 3961 405 4016 ἀι
416 3959 559 4020 Novavilla
565 3966 707 4036 ,Parisiis,
724 3967 799 4040 ι698
