2690 4598
155 295 159 318 Δ.
211 261 252 330 36
458 261 493 323 Ρ.
517 255 748 324 VIRGlLlI
771 257 1001 330 MARONIS

208 390 410 474 Purpuream
420 386 524 448 vomit
536 385 591 449 ille
603 386 762 466 animam,
774 403 806 449 et
818 410 894 452 cum
907 389 1064 476 sanguine
1077 389 1179 456 mixta

209 495 294 556 Vina
306 492 407 556 refert
419 491 573 554 moriens.
588 491 650 554 Hic
663 492 751 554 furto
763 490 909 557 fervidus
922 494 1034 574 instat3

209 600 349 687 Jamque
362 595 404 660 ad
416 596 558 684 Messapi
570 597 676 660 socios
689 594 859 676 tendebat,
873 597 931 661 ubi
943 599 1053 686 ignem

208 703 358 768 Deficere
371 715 567 780 extremum,
582 717 614 764 et
626 700 779 788 religatos
791 702 852 767 rite
864 701 998 768 videbat

208 811 349 896 Carpere
363 828 495 894 gramen
509 827 611 895 equos
624 828 630 868 :
644 804 788 870 breviter
800 830 904 896 quum
916 809 991 872 talia
1003 811 1115 888 NisuS,

207 915 314 981 Sensit
326 913 413 977 enim
425 913 526 975 nimia
538 911 628 976 caede
640 929 739 1001 atque
752 911 908 1000 cupidine
921 914 1013 995 ferri,

211 1053 225 1082 ιι
236 1019 526 1097 AbsistamuS‚·ait:
541 1041 616 1081 nam
629 1017 684 1081 lux
697 1018 827 1082 inimica
839 1019 1050 1108 propinquat.
1208 1032 1252 1078 355

206 1130 381 1192 Poenarum
393 1122 585 1186 exhaustum
598 1123 676 1186 satis
689 1138 754 1202 est;
766 1123 817 1186 via
830 1122 912 1187 facta
926 1146 986 1211 per
997 1124 1119 1189 hostes.
1133 1153 1146 1183 a

205 1233 311 1301 Multa
322 1230 430 1294 virum
442 1227 548 1293 solido
560 1244 697 1316 argento
711 1230 858 1316 perfecta
870 1229 1063 1318 relinquunt

1182 533 1186 540 ·
1208 503 1256 552 35ο

206 1396 316 1462 βέρξαρον
329 1385 381 1442 aiei
393 1389 474 1455 quinat
484 1385 547 1455 'Aper
560 1392 600 1439 aia
612 1391 706 1456 ἐξίησιν
718 1395 759 1440 ubi
771 1394 816 1441 alia
827 1395 893 1442 vides
905 1395 1027 1458 adjuncta,
1038 1411 1093 1459 qua
1103 1395 1134 1441 ad
1146 1411 1197 1445 eant
1207 1411 1252 1440 no-

140 1509 142 1512 .
207 1475 295 1518 tionem
305 1468 392 1512 ducere
402 1475 506 1526 possunt.
521 1463 554 1508 lta
566 1479 661 1526 quoque
673 1464 703 1509 de
713 1479 753 1520 eo,
765 1467 807 1526 qui
816 1467 918 1510 occurrit
930 1481 958 1510 ex
969 1465 1078 1521 adverso,
1089 1465 1152 1511 bene
1165 1464 1255 1510 dietum

141 1583 143 1588 .
206 1538 318 1598 δίχισθιυ
331 1533 406 1600 faofi:
420 1535 486 1581 lliad.
500 1549 523 1587 t,
542 1534 594 1580 238.
606 1534 715 1596 Apollon.
728 1536 750 1591 1,
774 1551 839 1583 rooo.
858 1536 930 1582 muita
946 1546 1007 1582 nocte
1025 1539 1142 1582 Cornutus
1154 1534 1255 1598 legerat,
1333 1555 1334 1592 p

207 1614 288 1658 Servio
301 1619 409 1663 notante;
428 1607 491 1652 haud
508 1605 581 1651 dubie
597 1606 692 1651 indocte
703 1623 709 1651 :
721 1621 765 1653 nec
776 1607 895 1668 procedit,
908 1619 935 1653 ut
946 1607 991 1652 hoc
1003 1609 1078 1670 ipsum
1090 1622 1145 1652 eum
1156 1607 1253 1652 Heinsio
1333 1595 1334 1650 Ϊ

208 1682 238 1729 tle
250 1694 324 1728 morte
335 1671 445 1741 accipias?
455 1675 526 1722 multa
535 1679 558 1721 ia
566 1685 637 1722 morte
651 1676 720 1722 Goth.
732 1693 793 1733 seo,
809 1690 832 1724 et
843 1678 948 1724 Parrhas.
961 1677 1075 1742 multaque
1092 1681 1115 1722 in
1131 1686 1201 1722 morte
1206 1712 1213 1733 ,
1232 1687 1256 1722 et

206 1749 317 1797 waddet.
330 1751 406 1793 anim.
418 1749 474 1793 Crit.
486 1764 509 1809 p.
523 1745 551 1792 32
564 1756 587 1792 et
602 1745 674 1792 stulta
683 1755 760 1793 morte.
773 1747 874 1793 liaberet
884 1747 966 1794 saltem
978 1750 1104 1802 rationem,
1114 1747 1135 1791 ti
1148 1746 1255 1792 diceret:

206 1822 279 1870 multe
288 1830 358 1868 ntorte
367 1835 415 1866 esse
426 1819 514 1865 dictum
524 1819 554 1865 de
563 1818 660 1865 vulnere
671 1819 717 1864 alte
729 1818 796 1864 illato
806 1821 980 1882 certissimaque
991 1819 1050 1864 adeo
1059 1829 1143 1864 morte.
1157 1843 1190 1853 —
1202 1815 1254 1877 349.

188 1883 194 1898 ⁸
206 1895 275 1940 vomit
282 1890 320 1937 ille
330 1893 428 1936 animum
437 1904 489 1934 cum
499 1904 518 1934 s.
528 1892 621 1934 mmm
631 1889 690 1933 Ven.
703 1897 725 1933 et
737 1887 801 1934 abest
811 1904 905 1951 quoque
916 1889 1014 1934 Oudart.
1028 1899 1051 1934 et
1061 1885 1152 1932 zulich.
1162 1889 1256 1930 meatum
1334 1919 1335 1940 ,

206 1968 277 2012 etiam
283 1963 388 2008 Parrhas.
397 1977 451 2006 cum
461 1960 532 2006 Goth.
539 1972 594 2006 tert.
605 1981 637 1996 -
648 1959 701 2005 350.
711 1960 771 2004 Hinc
780 1959 894 2005 Moutalb.
909 1963 971 2005 Tunc
980 1961 1040 2006 Ven.
1049 1960 1110 2004 Huic
1117 1955 1164 2003 obl.
1174 1958 1254 2002 Pierii.
1334 1953 1335 1994 i

144 2050 147 2056 ·
205 2035 270 2083 Nihil
286 2035 401 2082 satisfacit.
421 2031 501 2078 Malim
520 2033 555 2078 Sic
574 2030 628 2087 ille,
646 2031 773 2095 Euryalus,
792 2031 895 2077 caedibus
906 2031 1020 2078 faciendis
1031 2029 1120 2077 fervide
1133 2031 1210 2074 instat.
1223 2051 1255 2062 -

207 2107 261 2153 351.
276 2105 307 2150 ibi
315 2108 386 2168 iqnem
395 2104 462 2147 llom.
473 2115 496 2148 et
505 2102 596 2165 aliquot
605 2103 667 2148 Pier.
678 2115 702 2148 et
711 2100 819 2164 plerique
829 2102 908 2148 lleins.
924 2117 977 2147 cum
993 2103 1043 2163 ipro
1059 2099 1146 2145 Medic.
1158 2123 1191 2135 -
1201 2097 1254 2144 352.

201 2176 264 2240 fante
273 2190 317 2236 pro
328 2177 370 2218 rite
381 2173 450 2218 Goth.
464 2183 516 2216 tert.
529 2172 634 2217 viciabant
642 2188 678 2233 pr.
692 2184 715 2218 et
726 2183 780 2217 tert.
793 2173 903 2218 liottend.
915 2196 947 2207 —
960 2171 1014 2217 353.
1027 2171 1060 2217 br.
1071 2173 1109 2216 cui
1117 2169 1166 2215 duo
1175 2171 1255 2215 licius.

207 2259 231 2292 et
243 2247 290 2291 duo
302 2245 383 2288 Burm.
398 2250 445 2286 tum
455 2241 514 2286 Ven.
528 2253 551 2287 et
563 2241 631 2287 Goth.
644 2253 697 2286 tert.
709 2267 741 2278 -
753 2241 804 2288 355.
819 2240 989 2296 Acceleremus,
1006 2245 1039 2286 ait
1047 2242 1112 2286 Statii
1124 2238 1203 2285 Schol.
1218 2255 1255 2301 ap.

206 2319 348 2368 Burmann,
363 2313 550 2374 perperam.jam
558 2310 598 2356 iux
607 2310 673 2357 Leid.
685 2335 717 2346 —-
728 2310 781 2357 356.
789 2310 895 2357 exhausti
901 2314 956 2357 sett's
962 2319 997 2356 est
1004 2327 1040 2372 pr.
1053 2310 1146 2371 Meuag.
1159 2333 1191 2344 —-
1202 2307 1255 2370 357.

208 2457 305 2519 talem,
315 2471 376 2505 eum
384 2470 437 2523 quo
446 2456 500 2505 vita
510 2453 624 2514 efflatur.
633 2454 705 2503 conf.

207 2540 271 2589 Var.
279 2535 350 2584 Lect.
361 2561 396 2571 -
406 2531 465 2600 349.
477 2532 535 2584 350.
547 2543 643 2584 etcum
652 2550 708 2583 san·

206 2615 290 2690 quine
302 2611 383 2662 mixta
397 2611 459 2662 vina
474 2611 570 2681 refert,
584 2609 706 2679 dreoipu,

208 2696 310 2766 rejicit,
322 2704 352 2743 ut
364 2691 435 2743 Serv.
449 2691 559 2743 Sensum
570 2693 651 2762 igitur
662 2691 709 2742 foe·

209 2775 249 2825 dae
260 2785 286 2825 et
293 2774 401 2843 ingrata
410 2772 448 2822 rei
457 2783 539 2840 poeta
548 2769 642 2821 habuit
651 2768 710 2820 nal-

208 2853 281 2917 lum,
294 2853 340 2922 qui
352 2853 402 2901 ista
411 2868 558 2901 memorare
570 2865 624 2898 non
634 2847 710 2899 dubi-

208 2927 281 2984 t'avit.
295 2929 408 2986 Sedneo
421 2928 481 2990 alii,
495 2928 585 2980 Ovidii
597 2941 622 2980 et
634 2926 709 2978 Statii

209 3010 331 3082 exempla
340 3007 427 3061 Corda
438 3007 543 3073 laudat,
555 3006 709 3078 descriptio-

209 3109 271 3142 nem
290 3103 344 3140 tam
362 3087 515 3152 molestam,
536 3097 561 3137 et
581 3103 708 3136 nauseam

209 3182 361 3222 moventem
380 3169 544 3240 refugerunt.
561 3167 635 3217 Ferri
651 3165 708 3217 haee

210 3260 340 3320 possunt,
355 3247 401 3296 ubi
418 3265 478 3297 eum
491 3245 611 3296 foeditate
623 3262 709 3297 sensus

211 3324 324 3377 horroris
336 3325 443 3375 excitari
456 3324 544 3391 debet,
556 3337 586 3375 ut
595 3323 628 3374 de
636 3323 706 3374 Caco

210 3405 286 3469 vill,
302 3403 351 3472 196
364 3401 431 3453 adde
443 3404 483 3466 V,
499 3404 558 3472 469.
572 3404 633 3454 Non
645 3405 708 3472 jun-

210 3502 272 3555 gam
287 3481 365 3552 furto
382 3479 519 3549 fervidau,
541 3481 588 3532 sed
607 3480 709 3533 fervide

210 3563 292 3612 instat
310 3559 407 3629 furto,
435 3558 532 3610 furtiva
555 3571 582 3611 et
605 3558 711 3610 occulta

212 3639 292 3693 coede.

247 3714 412 3770 350-356.
436 3713 578 3768 Manifesta
599 3717 707 3768 Homeri

212 3797 324 3866 vestigia
336 3793 410 3846 iliad.
422 3815 448 3854 a,
466 3794 517 3863 494
529 3813 588 3866 sqq.
600 3797 628 3847 in
639 3795 708 3848 Rhe.

757 2454 844 2526 iqaem
856 2465 999 2506 extremum
1011 2453 1069 2523 quis
1083 2451 1189 2503 dubitet
1197 2452 1257 2518 jun·

755 2551 832 2603 gere,
843 2545 872 2585 ut
883 2531 973 2584 lumen
983 2543 1138 2594 extremum,
1147 2531 1256 2598 jamjam

756 2610 812 2662 fere
822 2625 991 2663 consumtum
1001 2609 1171 2673 adeliciam,
1181 2608 1253 2659 conf.

756 2691 843 2740 Burm.
858 2688 980 2762 relipatos
992 2689 1058 2753 rite,
1072 2707 1103 2740 ex
1116 2706 1206 2749 more,
1225 2704 1256 2738 ex

757 2768 864 2821 militari
876 2766 1068 2820 consuetudine
1077 2804 1085 2831 ‚
1095 2766 1208 2838 ligatos,
1219 2768 1257 2818 ait

757 2847 828 2899 Serv.
840 2869 847 2909 ς
866 2846 959 2918 quidni
971 2845 1125 2916 simpliciter
1140 2847 1258 2916 accipia-

752 2933 833 2976 mus:
850 2945 934 2997 equos
946 2928 994 2978 rite
1008 2925 1146 2996 alligatos,
1161 2927 1201 2975 uti
1215 2943 1257 2977 res

756 3005 902 3075 poscebat,
919 3007 957 3056 uti
977 3011 1186 3056 consentaneum
1201 3017 1258 3056 erat

757 3083 1258 3154 facere,naliberidiscurrerentApud

757 3164 902 3214 Romania
915 3182 947 3214 ea
958 3181 986 3214 re
998 3162 1073 3213 Iliad.
1086 3181 1116 3222 a,
1129 3163 1182 3232 475
1195 3165 1257 3233 equi

758 3260 790 3292 ex
810 3261 889 3293 curru
908 3255 1023 3294 extremo
1040 3241 1115 3312 ligati
1135 3254 1205 3293 sunt.
1223 3271 1257 3280 -

757 3319 817 3373 356.
835 3321 978 3371 Poenarum
990 3319 1017 3371 h.
1031 3319 1050 3369 l.
1068 3337 1118 3390 pro
1137 3319 1211 3372 caede
1225 3320 1259 3372 ad

757 3399 938 3452 ulciscendum
950 3399 1052 3450 hostem
1064 3398 1136 3450 facta
1146 3415 1161 3460 3·
1173 3398 1258 3451 cedes

758 3479 822 3529 satis
834 3479 923 3529 multae
935 3479 1013 3530 factae
1026 3489 1094 3528 sunt.

795 3557 942 3626 357-366.
956 3557 1067 3608 Omissis
1083 3558 1179 3608 ceteris
1196 3573 1258 3630 spo·

695 3660 698 3668 *
763 3635 1261 3707 liisarteelaboratis,phaleras,etcin-

759 3716 850 3789 guium
857 3717 1010 3770 Rhamnetis
1018 3718 1103 3769 aufert
1115 3717 1257 3790 Euryalum

757 3814 811 3848 una
823 3815 884 3848 cum
896 3797 971 3869 galea
979 3797 1105 3868 Messapi,
1116 3813 1171 3866 qua
1180 3796 1258 3867 paul·

213 3897 260 3941 so,
273 3874 402 3945 usquead
414 3875 472 3940 514.
485 3875 623 3946 Messupps
633 3893 709 3927 exau·
757 3876 783 3926 lo
793 3889 856 3946 post
863 3876 1050 3948 ipseproditur
1056 3875 1187 3927 hostibus.
1193 3873 1259 3948 plra-

141 3995 144 4001 .
212 3957 264 4007 biis
272 3967 328 4008 erat
335 3953 476 4026 prefectus
484 3953 707 4023 sup.lX,159ete.
759 3953 826 4006 ieroe.
837 3955 980 4008 Dubitatur
989 3969 1014 4008 et
1026 3955 1082 4007 h.·l.
1096 3955 1184 4007 sintne
1195 3953 1257 4023 equi
