2718 4594
248 321 312 388 300
373 299 376 308 '
495 321 530 384 r.
553 315 784 384 vinetum
807 318 1039 390 Minonis

245 446 299 510 Bis
314 467 430 534 magna
441 445 518 510 victi
530 467 641 533 pugna
652 445 705 508 vix
717 445 799 510 urbe
812 461 945 510 tuemur

245 552 325 639 Spes
339 551 605 632 ltala53recalent
617 567 730 616 nostro
741 551 898 615 Tiberina
910 551 1034 617 fluente
1266 572 1295 618 35

243 657 407 746 Sanguine
419 655 541 737 adhuc,
555 657 729 745 campique
741 658 891 746 ingentes
898 657 1031 722 ossibus
1044 658 1168 754 albent.
1182 673 1184 678 '

244 764 320 845 Quo
332 765 459 828 referor
470 763 586 828 toties?
597 786 671 852 quae
684 778 830 826 mentem
842 763 968 827 insania
978 766 1103 829 mutat?

245 869 292 948 Si,
306 868 421 934 Turno
435 869 607 949 exstincto,
621 869 728 934 socios
740 891 814 932 sum
825 867 952 934 adscire
964 886 1111 957 paratus3

245 977 313 1040 Cur
324 997 391 1040 non
404 975 562 1041 incolumi
575 975 686 1063 potius
698 975 876 1040 certamina
888 973 990 1039 tollo?

243 1080 333 1164 Quid
345 1081 580 1171 consanguinei
592 1081 719 1161 Rutuli,
734 1079 815 1170 quid
827 1097 935 1146 cetera
948 1079 1037 1146 dicet

243 1187 337 1253 Italia
348 1210 356 1251 t
369 1186 411 1252 ad
423 1203 565 1253 mortem
576 1187 605 1254 si
615 1204 663 1266 te,
677 1189 757 1251 Fors
770 1186 857 1251 dicta
868 1187 1004 1251 refutet!

244 1292 466 1372 Prodiderim‚
480 1308 590 1357 natam
602 1309 635 1357 et
647 1291 813 1358 connubia
824 1308 936 1357 nostru
947 1295 1138 1381 petentem?

244 1401 385 1489 Respice
397 1423 449 1466 res
460 1399 550 1465 bello
561 1401 681 1480 varias3
695 1400 851 1464 miserere
863 1402 1015 1489 parentis

245 1506 416 1594 Longaevi,
431 1526 531 1594 quem
543 1527 632 1570 nunc
644 1493 794 1570 maesmm
807 1508 912 1594 patria
923 1505 1030 1571 Ardea
1042 1507 1142 1598 longe

246 1610 382 1676 Dividit.
395 1639 408 1671 s
425 1609 692 1700 Haudquaquam
704 1609 800 1678 dictis
812 1611 969 1679 violentia
979 1615 1087 1678 Turni
1233 1686 1237 1693 ¹
1265 1631 1295 1690 45

244 1716 420 1804 Flectitur:
435 1732 608 1808 exsuperat
619 1717 736 1806 magis,
751 1718 966 1809 aegrescitque
977 1717 1158 1785 medendo.

244 1885 350 1944 Parthas.
362 1889 446 1952 patt'm
456 1887 525 1932 etiam
538 1884 625 1932 Medic.
637 1895 661 1932 et
669 1885 767 1932 Oudart.
782 1903 834 1933 eum
845 1887 912 1934 Ilum.
930 1899 953 1934 et
968 1887 1088 1953 plerisque
1103 1887 1155 1938 aliis
1169 1891 1295 1950 Pierianis,

245 1969 343 2020 excepto
353 1957 461 2022 Oblongo
471 1971 494 2004 et
502 1959 590 2004 Portio.
600 1981 633 1993 -
641 1955 680 2012 34.
692 1957 757 2003 turba
764 1960 802 2002 vix
812 1957 881 2004 Goth.
894 1974 930 2022 pr.
939 1983 972 1996 -
981 1959 1017 2006 35.
1028 1969 1105 2006 nostro
1113 1960 1219 2008 recalent
1227 1961 1296 2008 Goth.

242 2044 280 2092 pr.
293 2054 323 2064 -
336 2027 373 2076 36.
385 2027 484 2073 adhunc
493 2028 579 2074 Medic.
596 2045 617 2074 o.
632 2025 726 2091 implent
741 2027 831 2092 llugen.
842 2054 873 2064 —
882 2027 919 2092 37.
932 2029 993 2088 Quid
1007 2047 1054 2077 sec.
1066 2031 1179 2077 Rottend.
1198 2031 1296 2094 informs

243 2101 321 2162 sprot.
337 2097 410 2162 refero
425 2100 491 2144 llom.
502 2115 525 2145 v.
538 2099 600 2144 Picr.
617 2097 690 2161 refero
706 2107 801 2144 mcnaem
818 2101 909 2156 totiens,
923 2115 973 2164 que
987 2099 1076 2146 zulich.
1087 2117 1100 2146 a
1112 2117 1144 2146 m.
1156 2118 1209 2164 pr.,
1219 2114 1295 2148 ctscc.

243 2166 336 2230 referor.
346 2176 418 2213 mutet
431 2167 489 2214 alter
502 2167 584 2214 llamb.
597 2169 752 2231 momtSprot.
766 2182 789 2216 et
803 2168 893 2234 aliquot
908 2171 968 2216 Pier.
986 2173 1062 2216 mittat
1070 2169 1142 2216 Goth.
1152 2183 1208 2217 tert.
1223 2181 1296 2217 versat

244 2235 338 2298 Menag.
353 2253 388 2299 pr.
398 2241 458 2299 cepit
467 2239 559 2300 liugen.
568 2263 600 2273 -
610 2237 647 2285 382
665 2242 738 2284 Turni
747 2243 859 2286 exstinctu
875 2240 964 2287 zulich.
978 2257 991 2287 a
1005 2257 1035 2285 m.
1048 2258 1084 2305 pr.
1099 2243 1179 2288 Tamo
1192 2245 1296 2288 exterrito

245 2321 265 2351 s.
274 2309 347 2352 accim
356 2307 437 2352 Franc.
452 2311 524 2353 moire
534 2307 574 2354 vel
583 2309 669 2365 adcire,
681 2309 751 2372 vulgo
760 2309 858 2357 editum.
869 2310 897 2356 lt
908 2327 935 2356 ex
944 2310 1082 2356 melioribus
1091 2313 1139 2358 suis
1149 2323 1174 2357 et
1185 2313 1296 2357 Pierianis

243 2375 354 2422 Heinsius
363 2375 430 2422 dedit
436 2376 535 2432 adscire,
545 2376 569 2423 h.
578 2391 599 2424 e.
609 2378 751 2436 adsciscerc;
761 2383 804 2426 etti
813 2380 877 2425 aliud
890 2379 1022 2443 exemplum
1032 2381 1095 2426 vocis
1104 2396 1149 2426 nec
1158 2380 1207 2436 hic,
1217 2396 1259 2425 nec
1266 2379 1295 2426 ad
1350 2391 1351 2402 ¹

245 2441 287 2487 lib.
300 2443 343 2498 lll,
359 2444 404 2490 308
413 2445 498 2491 attulit.
509 2447 635 2509 Antiquam
645 2460 723 2495 tamen
734 2465 815 2496 vocem
826 2453 877 2512 ejus
885 2450 965 2496 lormae
978 2450 1062 2505 luisse,
1078 2449 1150 2495 docet
1159 2444 1187 2494 τὸ
1198 2450 1295 2502 adscivi,

245 2522 269 2558 ct
278 2513 396 2558 adscitum.
408 2516 490 2560 Fciam
500 2518 580 2578 itaque
589 2519 658 2562 ctiam
673 2520 698 2563 in
709 2519 791 2565 Tacito
801 2520 876 2582 Agric.
890 2536 910 2566 c.
927 2535 966 2582 19,
978 2520 1019 2566 ubi
1029 2537 1050 2565 v.
1063 2520 1119 2564 Em.
1131 2541 1163 2554 -
1174 2517 1214 2575 lto.
1224 2519 1296 2564 dicem
1350 2573 1351 2590 q

245 2579 307 2627 Gud.
318 2599 330 2627 a
340 2597 370 2628 m.
385 2585 520 2648 sec.,‘quod
531 2587 627 2633 Heinsio
637 2587 761 2634 arridebat.
776 2590 845 2634 discet
855 2591 947 2651 Menag.
960 2606 996 2652 pr.
1006 2589 1059 2634 dicu
1071 2590 1138 2634 Rom.
1150 2613 1184 2624 -
1192 2587 1231 2646 ¹l¹=
1244 2589 1295 2633 Sors
1350 2591 1351 2624 ἶ

244 2663 298 2698 tert.
310 2653 419 2700 Ilottend.
432 2656 485 2724 Sors
493 2657 516 2702 d.
528 2661 624 2722 resiqnet
632 2657 722 2705 Zulich.
733 2675 786 2704 am.
799 2675 845 2706 sec.
858 2661 914 2707 Fors
923 2660 981 2705 dura
992 2658 1111 2724 Montslb.
1125 2669 1215 2705 recuset
1227 2656 1294 2704 Goth.

243 2734 311 2780 tert,
321 2726 386 2788 quod
398 2738 421 2773 et
430 2727 459 2773 ab
470 2729 556 2775 Ursino
565 2733 726 2793 praescriptum
735 2728 805 2776 video
815 2743 888 2788 notae,
899 2747 945 2794 qua
957 2747 1000 2793 per
1009 2729 1134 2775 formulam
1145 2729 1173 2776 id'
1180 2729 1276 2776 illustrat
1287 2743 1294 2772 τ

243 2790 296 2856 tpl
305 2795 402 2857 γένοιτο.
412 2824 444 2834 -
451 2798 490 2856 Δι’.
501 2801 639 2847 Perdiderim
646 2803 721 2864 sigon
732 2801 806 2857 -43,
816 2801 870 2848 tent
877 2804 969 2865 Menag.
979 2818 1015 2865 pr.
1025 2827 1057 2838 -
1065 2799 1104 2858 dil.
1115 2811 1220 2847 moestum
1229 2816 1295 2864 quem

241 2880 302 2916 nunc
317 2867 387 2934 corp.
398 2885 434 2932 pr.
443 2869 522 2926 -45,
536 2872 608 2918 Hand
622 2875 744 2936 quicquam
760 2871 851 2936 aliquot
862 2875 942 2920 Heins.
955 2885 979 2918 et
991 2883 1047 2919 vett.
1056 2870 1114 2926 edd.
1126 2871 1200 2918 Haud
1210 2885 1293 2934 quam-

243 2953 312 3002 quam
322 2937 383 2985 Gud.
396 2955 450 2985 am.
462 2958 498 3004 pr.
509 2942 587 3000 -46,
600 2944 740 3012 ardescitque
751 2945 832 2989 nemo
843 2943 945 3002 Medic,
957 2943 1022 3008 quod
1032 2943 1162 3006 repetitum
1175 2933 1203 2989 cr
1214 2941 1256 2986 lib.
1268 2941 1294 2996 1,
1350 2939 1351 2942 ’

244 3079 287 3120 tos
303 3074 463 3140 promiserat
480 3073 569 3126 filiam.
584 3075 653 3129 Vide
666 3094 748 3148 supra
792 3077 938 3130 incolumi?
951 3095 1001 3149 pro
1016 3076 1140 3148 vulgari:
1160 3090 1241 3144 qnam
1253 3075 1294 3124 in-

243 3149 745 3223 AEn.Vll‚267'sqq.-35.Italasornat:
792 3175 886 3209 sanum
899 3169 952 3222 est,
969 3175 1024 3208 non
1036 3157 1127 3207 statim
1140 3167 1165 3206 te
1179 3155 1241 3205 vivo
1254 3155 1294 3203 fa·

244 3228 377 3299 simplicit.
385 3249 445 3303 spes
452 3245 564 3287 nostras.
574 3233 744 3306 recalentpro
792 3256 862 3304 cere,
876 3237 959 3309 quod,
969 3251 994 3290 te
1002 3236 1119 3303 sublato,
1127 3251 1237 3286 necesse
1246 3235 1294 3284 erit

244 3307 346 3374 calent,
355 3323 401 3363 aut
408 3312 533 3379 recalent,
541 3315 638 3366 itemm
646 3317 743 3382 calent,
788 3317 854 3368 mihi
867 3318 972 3368 iacere!
983 3344 1018 3376 -τ-
1027 3315 1070 3381 44.
1086 3313 1164 3385 lonpc
1174 3311 1292 3370 Dividit,-

243 3403 340 3457 ΜΕΝ
353 3389 426 3459 q1¹⁰sl
438 3391 478 3442 bis
487 3389 552 3444 victi
563 3412 661 3466 pugna.
672 3395 742 3447 Serv.
788 3415 822 3449 ne
839 3397 933 3448 dubita
945 3398 982 3448 sic
994 3397 1125 3466 jungere3
1139 3394 1194 3444 etsi
1205 3391 1293 3442 Ardea

241 3495 277 3505 -
285 3468 327 3536 37.
339 3469 380 3522 38.
393 3470 435 3538 39.
448 3472 502 3524 Ciu·
513 3475 594 3525 toties
602 3476 744 3528 eonsilium
787 3495 843 3527 non
853 3475 920 3528 adeo
930 3475 1010 3546 longe
1019 3474 1138 3545 aberat'a
1146 3473 1288 3524 Laurento.

242 3556 331 3611 muto,
343 3549 443 3602 loedere
456 3569 516 3603 cum
529 3553 650 3621 Troianis
662 3555 743 3607 semel
786 3557 848 3608 Non
864 3558 891 3606 in
908 3553 1078 3628 geograph,
1098 3552 1146 3604 sed
1167 3553 1195 3603 in
1213 3563 1292 3622 poeta

242 3626 363 3674 ⁵³⁰⁰il⁰l
375 3629 439 3693 (nisi
449 3630 550 3699 referor
559 3645 598 3683 est
610 3633 742 3699 retrahor,
788 3652 941 3688 versamur:
953 3636 996 3687 cni
1005 3635 1109 3686 animus
1115 3631 1290 3685 abducendus
1350 3667 1351 3670 ,

242 3719 356 3769 ³V⁰⁰⁰¹i
375 3725 390 3757 fl
407 3709 519 3760 ⁰011⁵ili0
535 3712 616 3763 semel
633 3713 744 3784 captui)
784 3714 893 3768 'eratali
908 3714 1025 3786 angustis
1043 3711 1143 3763 finibus
1156 3713 1233 3783 regni
1242 3749 1250 3776 ‚
1265 3711 1292 3760 in

245 3781 290 3846 Si,
304 3784 457 3858 quodvides
468 3788 533 3841 mihi
543 3791 696 3844 laciendum
706 3811 745 3844 es·
789 3813 843 3865 quo
854 3793 1079 3864 haecngebant'ur.
1092 3794 1189 3862 ltaque
1200 3789 1293 3860 ampli·

244 3880 273 3914 se
286 3864 402 3916 extincto
415 3867 506 3933 te'‚›ad
518 3873 673 3924 sociotatem
683 3891 744 3924 cum
788 3875 850 3927 licat
860 3876 957 3926 omnia.
974 3874 1015 3925 Sic
1028 3891 1087 3943 sup.
1098 3872 1154 3939 Xl,
1167 3873 1219 3940 317
1234 3888 1294 3941 eger

245 3941 366 4012 Trojenis
380 3957 458 3996 antea
467 3947 561 4000 initam
576 3952 742 4005 redeundum
788 3955 894 4027 Lonqns
906 3954 934 4004 in
946 3969 1073 4004 occasum.

244 4033 296 4089 ‘⁵²’
308 4041 356 4076 ⁰¹²¹*
367 4021 439 4079 idm
450 4041 505 4077 ”⁰¹¹
516 4023 707 4096 5³⁰l⁰210livo
719 4043 745 4084 et
825 4034 868 4102 46.
882 4033 1043 4104 Exsupeut,
1054 4029 1122 4084 felix
1135 4027 1238 4083 dilectu
1248 4043 1295 4078 vo-
