2718 4594
368 241 605 324 nuernos
629 245 783 309 tinen
806 248 893 312 ιιιι.
1089 251 1150 318 325

104 348 185 427 ¹Una
197 381 246 429 tot
256 363 397 432 Arcadio
410 366 554 455 conjunx
565 365 738 455 Tyrrhena
750 370 909 459 Gylipp03

107 463 240 532 Horum
251 494 370 551 unum,
383 470 426 535 ad
438 469 600 550 medium,
615 473 808 563 teriturque
821 477 925 542 sutilis
938 477 1011 543 alvo
1032 469 1035 474 ¹

106 574 254 656 Balteus,
268 593 301 640 et
312 577 452 641 laterum
460 576 632 664 juncturas
644 575 744 641 fibula
757 581 901 660 mordet,

104 681 284 769 Egregium
296 683 402 746 forma
409 682 583 772 juvenem,
598 698 630 746 et
641 682 845 770 fulgentibus
857 687 970 766 armis,
1110 704 1152 767 275

105 788 316 878 Transadigit
327 805 448 868 costes,
462 789 619 877 fulvaque
632 789 778 855 effundit
792 815 900 856 arena.

105 896 150 958 At
162 895 293 975 fratres,
307 897 453 960 animosa
465 894 621 983 phalanx,
635 894 844 985 adcensaque
856 898 961 978 luctu,

106 1001 186 1064 Pars
199 999 324 1088 gladios
336 1001 501 1088 stringunt
512 1000 678 1080 manibus,
691 1023 766 1088 pers
779 1002 900 1068 missile
913 1004 1039 1068 ferrum

107 1106 321 1193 Conripiunt,
335 1106 481 1195 caecique
493 1121 610 1171 ruunt:
625 1125 708 1195 quos
720 1108 850 1196 agmina
861 1108 981 1192 contra}

106 1213 309 1278 Procurrunt
321 1201 541 1292 laurentum
554 1211 632 1278 hinc
645 1212 739 1280 densi
752 1236 864 1280 rursus
877 1213 1039 1280 inundant
1111 1230 1155 1277 ιιι»

138 1362 192 1409 ²7²·
208 1349 270 1397 Male
282 1353 394 1414 scriptum
411 1351 507 1416 stuppa.
518 1355 597 1399 Toties
610 1355 712 1400 occurrit
729 1349 863 1408 Γύλιππος,
873 1356 1019 1401 notissimum
1030 1370 1117 1400 nomen
1127 1371 1155 1401 ex

105 1422 246 1488 Thucydide
263 1434 287 1467 ει
304 1421 368 1479 aliis,
386 1435 413 1468 ut
423 1425 494 1470 mirer
506 1439 554 1470 non
567 1424 716 1470 emendatum
730 1425 759 1470 ab
773 1427 884 1482 Heinsio,
898 1442 971 1488 quum
986 1428 1156 1486 prestantiores

105 1492 163 1541 libri
175 1498 244 1542 etiam
255 1497 335 1550 Rom,
350 1495 529 1558 adstipulentur.
545 1494 649 1559 Gylipso,
662 1496 780 1560 Gylyppo,
791 1498 956 1545 aberrationes.
965 1523 996 1533 -·
1005 1498 1056 1560 273.
1067 1497 1099 1542 ad
1109 1512 1157 1542 me·

105 1566 169 1610 dr'nm
178 1564 257 1611 'rhum
268 1577 314 1612 tres
327 1566 411 1612 Moret.
424 1583 485 1615 unus
496 1568 578 1613 llsrnb.
591 1567 657 1614 Leid.
675 1580 699 1614 et
714 1568 828 1616 scheller.
845 1585 899 1615 cum
913 1566 982 1614 Goth.
995 1581 1062 1625 tert,
1076 1583 1156 1631 perse

105 1652 157 1683 non
168 1638 241 1694 male3
256 1640 301 1684 nisi
314 1639 374 1686 forte
386 1650 440 1686 nata
455 1639 525 1686 lectio
539 1656 567 1685 ex
578 1643 648 1696 vitio,
660 1639 730 1703 quale
744 1643 770 1687 in
781 1641 867 1687 Medic.
884 1658 896 1686 a
913 1657 948 1702 pr.
963 1656 994 1686 ιιι.
1008 1654 1053 1696 est,
1064 1643 1096 1686 ud
1106 1653 1155 1684 me-

105 1709 176 1754 diam.
197 1710 243 1757 Sed
260 1712 286 1756 in
304 1711 349 1756 hoc
364 1710 485 1758 diversitas
498 1710 606 1757 lectionis
619 1724 665 1768 est,
677 1729 746 1774 quam
761 1712 790 1757 ab
802 1713 910 1768 Heinsio,
928 1715 969 1774 qui
987 1713 1092 1758 codicem
1109 1725 1155 1758 tam

106 1779 234 1842 diligenter
245 1792 391 1837 enotaverat,
405 1792 428 1828 et
440 1782 468 1826 ab
480 1782 531 1828 aliis
542 1797 591 1827 non
600 1783 783 1829 animadversam
792 1785 882 1828 mireris
892 1799 897 1827 ι
907 1782 1044 1829 ειιιιὶἰιαιινο
1055 1781 1156 1836 Balteus,

105 1862 135 1896 ut
146 1867 175 1898 ex
186 1855 262 1899 aureis
277 1852 389 1908 lamellis,
400 1869 442 1899 seu
457 1853 571 1900 catenulis
581 1865 641 1899 esset
652 1852 797 1915 compactus3
816 1856 847 1900 ita
869 1856 948 1901 teritur
956 1853 1114 1900 referendum
1126 1854 1156 1900 ad

106 1919 186 1966 fibulae
200 1937 314 1978 morsum,
326 1925 367 1984 qui
380 1925 429 1984 ipse
441 1923 539 1968 verbum
552 1921 612 1967 illud
625 1923 732 1984 explicet.
748 1925 816 1970 Nunc
837 1923 904 1969 stride
921 1923 966 1968 hoc
985 1923 1104 1985 amplexus
1122 1933 1157 1968 est

106 1990 249 2040 Wakefield.
262 1997 285 2038 in
301 1994 397 2038 mediam
410 1992 487 2038 altrum
502 1993 592 2039 Zulich.
605 2010 626 2040 a.
642 2010 673 2038 m.
686 2010 722 2056 pr.
734 1995 766 2039 ud
775 1995 873 2040 medium
883 1992 959 2039 alvum
971 1994 1095 2054 Hamhurg.
1109 2009 1154 2039 sec.

106 2075 131 2108 et
143 2063 196 2109 Exc.
208 2065 334 2111 Burmann.
341 2063 420 2128 sutilis
433 2065 502 2111 Goth.
514 2077 567 2112 tert.
579 2091 611 2100 -
626 2067 677 2128 275.
694 2067 789 2130 Eqreqia
800 2065 879 2128 firrmn
892 2081 927 2126 pr.
945 2065 1030 2110 Moret.
1045 2068 1156 2128 juvenum

103 2131 173 2178 Rom.
190 2135 350 2196 prestantibus
368 2135 406 2183 vel
417 2134 561 2199 fulgentibus
573 2135 647 2182 codex
658 2135 718 2182 Koel.
731 2161 762 2171 -
775 2135 827 2198 276.
848 2135 977 2180 Transactis
986 2135 1091 2181 Parrhas.
1104 2134 1153 2180 vid.

105 2205 150 2249 inf.
161 2205 213 2252 508.
227 2207 326 2271 effundit
336 2207 460 2255 meliorum
472 2208 580 2254 codicum
593 2210 697 2254 omnium
710 2223 825 2255 consensu
836 2210 924 2269 recepit
935 2208 1027 2264 Heius,
1042 2224 1086 2271 pro
1101 2205 1154 2253 vul·

106 2279 157 2338 gari
166 2281 279 2336 extendit,
293 2281 359 2344 qnod
367 2281 465 2328 Mentel.
476 2297 512 2342 pr.
525 2280 624 2328 Dorvill.
635 2293 658 2327 et
670 2281 739 2328 Goth.
752 2297 788 2344 pr.
799 2283 909 2326 retinent.
922 2279 1003 2342 s’ffitdd
1014 2278 1102 2326 Zulich.
1117 2282 1154 2323 ιή-

98 2347 183 2410 fundit
190 2352 265 2414 Bigot.
275 2362 298 2398 et
299 2352 369 2416 fulva
381 2353 478 2418 effundit
487 2353 529 2399 Ed.
542 2370 578 2416 pr.
590 2354 707 2399 Burm—
716 2353 767 2413 278.
778 2352 879 2418 gladium
890 2353 980 2414 Hugen.
993 2350 1022 2416 ql.
1034 2355 1153 2416 stringunt,

105 2420 210 2466 manibus
222 2439 277 2486 pars
295 2423 443 2488 distinguunt
459 2423 506 2470 duo
523 2423 598 2470 Codd.
614 2441 651 2488 ep.
667 2427 746 2471 Burm.
758 2450 791 2460 —
802 2424 855 2470 280.
874 2425 934 2470 Hinc
951 2423 1050 2488 depressi
1062 2422 1100 2469 ed.
1116 2437 1153 2484 pr.

106 2539 194 2582 costas.
215 2561 250 2572 -
279 2535 338 2600 273.
372 2536 430 2602 274.
459 2536 607 2588 secundum
653 2537 1153 2606 dium,inmediocorpore,eaipsa
1194 2539 1195 2544 ’

105 2609 257 2680 exemplum
270 2613 298 2664 in
310 2614 386 2666 lliad.
399 2618 428 2676 l,
447 2617 493 2668 132
510 2615 588 2668 ἴθυνεν
597 2653 606 2680 ,
647 2631 742 2686 parte,
756 2634 810 2688 quo
827 2617 882 2667 coit
900 2618 928 2667 in
947 2614 1007 2666 alvo
1028 2613 1152 2674 balteus,

104 2685 147 2738 ἴθι
170 2690 281 2758 <noetus
305 2691 371 2756 tatu
391 2691 492 2760 χρύσειοι
514 2690 607 2758 σῦιιχοι
652 2694 788 2765 fibulaque
822 2697 921 2746 inserta
954 2691 1151 2758 constringitur.

103 2763 146 2818 eei
165 2765 258 2824 creatu
270 2768 346 2822 treus
360 2771 459 2839 θόριιξ,
473 2773 494 2822 ir
504 2772 529 2820 θ’
539 2772 608 2823 imm
653 2771 751 2824 balteus
762 2774 800 2822 ita
817 2771 926 2833 teritur,
944 2768 1072 2821 adstrictu
1085 2767 1153 2817 fibu-

104 2847 205 2912 ζωπιῖρι
226 2845 317 2915 ripnpo'cr
339 2847 416 2916 stirpis
438 2847 519 2904 liwir.
539 2851 608 2901 Hinc
652 2850 702 2914 lte,
719 2851 746 2899 in
761 2849 830 2900 alvo.
847 2847 900 2898 Alii
912 2846 1014 2898 malunt
1029 2848 1079 2897 teri
1092 2844 1154 2896 bal-

105 2925 183 2976 duxit
193 2926 398 2996 postabulteum
408 2927 609 2980 bhulaadstric·
653 2940 726 2980 teum
742 2924 819 2992 alvo,
837 2945 918 2997 quam
934 2927 1047 2996 attingit.
1067 2923 1154 2976 Cerda

106 3018 180 3071 tum,
202 3005 231 3058 in
249 3006 335 3058 medio
351 3024 476 3078 corpore,
490 3009 518 3058 in
529 3005 607 3057 alvo:
652 3008 830 3058 imitationem
845 3024 877 3057 ex
893 3003 957 3056 Silio
971 3004 1089 3068 notavit,
1107 3003 1152 3054 lib.

106 3085 213 3138 balteus
223 3099 263 3138 est
273 3085 374 3152 sutilis,
385 3105 432 3138 seu
442 3084 549 3150 laneus,
561 3103 609 3138 seu
653 3085 715 3149 Vll,
733 3083 787 3150 624
804 3102 861 3154 seq.
881 3077 931 3156 qua
946 3079 1035 3154 sibula
1056 3098 1153 3133 morsus

109 3167 266 3232 coriaceus,
287 3167 357 3218 forte
374 3179 463 3218 temen
482 3166 555 3218 aereis
572 3165 609 3216 le·
652 3163 752 3216 Loricae
781 3165 870 3220 crebro
900 3160 990 3212 laxata
1016 3159 1154 3213 resolverat

107 3246 186 3296 minis
203 3247 329 3298 munitus.
346 3243 459 3296 laterum
471 3247 609 3316 juncturas
655 3243 728 3307 ictu,
739 3241 850 3313 Accepit
860 3240 975 3292 lateri...
978 3239 1092 3309 sermm.

108 3325 196 3394 ipsum
210 3325 328 3378 balteum
344 3325 433 3377 dicere
447 3325 490 3376 vix
504 3326 608 3395 potnit;
690 3340 739 3392 277
750 3341 808 3394 sqq.
822 3323 914 3374 Praelio
925 3324 980 3391 jam
992 3319 1111 3392 pedestri
1127 3337 1154 3375 et

107 3420 164 3453 non
180 3405 251 3454 enim
262 3406 284 3456 is
293 3405 382 3476 jungit
396 3402 496 3466 latera3
514 3404 608 3456 saltem
653 3407 770 3477 equestri
779 3406 852 3473 justo
866 3403 1017 3473 descripto,
1034 3402 1156 3456 restabat

106 3481 609 3556 jungiturlateri.Igiturlaterumjunc·
653 3497 755 3557 poetes,
774 3496 804 3534 ut
819 3483 1018 3535 tumultuariam
1035 3501 1154 3554 pugnum

109 3563 608 3635 turasalitervixacciperelicet,quam
654 3563 824 3616 describeret.
838 3563 896 3614 Hoc
908 3563 935 3613 in
946 3560 973 3612 h.
984 3562 1002 3613 l.
1016 3562 1093 3626 fecit,
1107 3565 1155 3632 qui

107 3653 138 3694 ut
150 3643 202 3693 sint
218 3636 316 3707 latera,
330 3640 357 3694 h.
371 3662 423 3694 orae
438 3643 534 3708 baltei,
547 3646 609 3710 ζιισ-
653 3646 780 3714 sequitur.
797 3641 959 3712 Comparent
975 3639 1087 3692 studiosi
1107 3640 1156 3697 ha-

108 3721 171 3789 ripu
189 3721 272 3786 ἆχιῖις,
295 3740 361 3792 quas
377 3720 469 3793 fibula
489 3723 608 3788 mordet,
652 3739 812 3775 cumrerum
827 3740 946 3794 pugnum
959 3719 1154 3774 Centaurorum

110 3801 228 3872 colligit,
244 3801 353 3874 jungit:
375 3801 492 3871 hincque
517 3815 609 3854 ornate
653 3815 679 3856 et
687 3801 870 3873 Lapitharum,
878 3799 957 3852 Ovid.
966 3799 1155 3866 Met.Xll,uto

103 3882 244 3953 juncturas
269 3879 381 3930 laterum
406 3880 480 3931 dixit.
507 3881 609 3934 Vulnus
653 3899 713 3953 sqq.
728 3911 764 3920 -
779 3881 838 3934 28⁰.
860 3879 994 3932 inundant
1013 3895 1154 3948 campum,

111 3962 191 4032 igitur
208 3959 234 4012 Ιι.
252 3960 270 4012 l.
291 3971 430 4031 acceptum
447 3972 487 4012 est
504 3959 541 4012 ad
558 3979 610 4012 me·
654 3961 717 4014 felix
725 3977 783 4014 voc.
792 3959 826 4013 od
836 3960 942 4031 copiam
950 3955 1152 4020 declarandam
