2690 4598
254 275 296 342 30
499 269 533 333 P.
557 263 788 331 vtuotnll
811 263 1043 334 MARONlS

256 399 322 460 Aut
332 391 480 471 adversa,
494 388 606 456 cadat:
620 387 679 454 sed
690 403 724 452 te
736 409 836 476 super
847 389 957 454 omnia
970 389 1058 455 dona

256 503 369 565 Unum
381 520 458 563 oro:
473 496 619 585 genetrix
630 494 749 558 Priami
762 490 803 558 de
816 510 914 582 gente
925 511 1054 560 vetuste

257 607 315 670 Est
327 603 421 683 mihi,
438 625 536 690 quam
548 600 700 664 miseram
712 600 819 665 tenuit
830 622 897 663 non
910 600 969 664 Ilia
982 600 1080 665 tellus
1156 583 1163 596 '

257 715 389 778 Mecum
403 707 629 786 excedentem,
643 729 711 770 non
722 707 843 770 moenia
855 707 939 795 regis
951 711 1086 772 Acestie.

257 820 352 883 Hanc
363 839 424 904 ego
438 837 525 880 nunc
537 815 683 901 ignaram
694 811 794 902 hujus
806 811 1043 902 quodcumque
1053 813 1168 902 pericli
1182 831 1244 894 eat,

257 925 364 1011 Inque
376 922 546 986 salutatam
558 919 689 1007 linquo;
702 920 787 996 Nox,
801 934 835 982 et
846 933 901 982 tua
913 919 1004 982 testie

256 1031 411 1106 Dextera,
426 1025 516 1115 quod
528 1048 693 1114 nequeam
704 1024 852 1088 lacrimas
864 1025 1011 1112 perferre
1022 1025 1178 1112 parentio.

257 1137 300 1199 At
311 1150 361 1212 tu,
376 1155 449 1211 oro,
461 1131 567 1196 solare
580 1131 728 1218 inopem,
743 1145 776 1194 et
788 1151 941 1194 succurre
953 1130 1085 1194 relictae.
1105 1149 1108 1154 ’
1184 1148 1187 1158 ’
1254 1157 1296 1202 39.

258 1229 352 1303 Hanc
365 1238 434 1302 sine
447 1260 500 1300 me
513 1259 605 1324 spem
618 1237 704 1300 ferre
717 1235 784 1299 tui:
797 1234 972 1298 audentior
983 1234 1039 1300 ibo

258 1348 299 1411 In
312 1365 404 1410 casus
417 1342 532 1406 omnis.
546 1369 559 1398 n
576 1344 732 1405 Percussa
743 1356 854 1405 mente
867 1339 1030 1404 dederunt

258 1447 455 1516 Dardanidae
467 1447 631 1526 lacrimam
643 1463 720 1511 ante
733 1447 839 1511 omnis
851 1445 991 1534 pulcher
1002 1445 1108 1527 lulus;

257 1643 395 1701 senientiam
404 1649 487 1695 horum
499 1663 606 1695 versuum
618 1650 696 1694 animo
709 1661 806 1696 teneret.
820 1649 967 1712 Interpnuait
978 1661 1030 1712 poet
1042 1658 1144 1695 tentum:
1156 1651 1255 1696 Fortuna
1263 1665 1297 1696 se·

258 1722 345 1776 cunda,
356 1720 426 1764 Haud
436 1717 530 1763 adversa
540 1717 619 1772 cedam
633 1735 684 1781 quae
695 1719 803 1782 equidem
814 1734 862 1764 non
878 1735 995 1782 assequor.
1009 1723 1061 1766 Sive
1070 1722 1191 1783 junxeris:
1203 1725 1298 1784 arquerit
1319 1759 1328 1792 4

260 1800 360 1844 tentum,
374 1791 421 1834 sive
434 1785 561 1833 dissimilem
573 1795 672 1842 tuntum,
684 1791 766 1850 jejuna
782 1801 816 1834 εει
832 1791 915 1834 oratio.
929 1788 1020 1834 Scilicet
1032 1788 1120 1850 duplex
1133 1801 1168 1834 eet
1177 1789 1246 1834 lectio
1254 1789 1298 1834 loci

261 1875 285 1910 et
295 1861 453 1922 interpunctio
463 1873 469 1904 t
482 1858 565 1913 altera,
580 1873 650 1920 quam
660 1860 753 1904 Servius
762 1870 842 1904 tuetur
853 1869 875 1904 et
885 1859 970 1904 diserte
982 1861 1093 1920 exponit:
1104 1869 1147 1904 eut
1156 1861 1250 1905 adrersa
1259 1875 1298 1905 ce-

259 1935 307 1982 dat.
319 1935 356 1979 ste
367 1933 416 1977 iere
427 1931 512 1977 editur.
524 1932 557 1974 ux
568 1929 611 1974 hac
624 1929 689 1975 locus
700 1930 918 1992 interpungendus:
932 1931 971 1974 Me
982 1929 1046 1975 nuda
1056 1930 1240 1996 d.—erquerit:
1252 1941 1299 1976 tan-

260 2015 326 2051 tum:
338 2005 438 2049 Fortuna
446 2001 545 2047 secundo
554 2001 604 2045 Aut
614 2001 708 2045 aduersa
719 2000 793 2046 cedat.
807 2001 841 2045 lta
857 2000 938 2047 durior
952 2002 1047 2064 quidem
1061 2013 1106 2058 est,
1119 2014 1221 2048 attamen
1237 1997 1299 2048 detri-

259 2091 321 2123 τητι
331 2073 403 2119 habet
418 2075 508 2118 oratio:
521 2080 609 2116 tenutm
620 2086 652 2117 ec.
669 2071 699 2116 de
708 2087 745 2116 me
762 2069 870 2132 polliceri
880 2071 968 2127 audeo,
980 2087 1126 2134 quecunque
1136 2072 1229 2118 fortuna
1240 2073 1300 2116 acci-

261 2145 336 2199 derit,
347 2159 389 2188 seu
401 2142 510 2196 adversa,
521 2155 563 2186 aea
572 2140 688 2195 secunda;
699 2141 748 2186 iere
758 2154 784 2186 ut
793 2141 836 2186 inf.
852 2141 896 2186 636
908 2143 959 2187 Hoc
971 2151 1057 2187 tannem
1065 2144 1196 2188 Ascanius!
1209 2141 1250 2188 sed
1260 2157 1299 2203 pro

196 2256 198 2260 .
260 2213 351 2274 vulgari
358 2219 399 2256 eeu
409 2210 497 2256 dictum
506 2219 554 2255 out.
565 2211 625 2254 Turn
636 2214 736 2274 arque-it
745 2223 778 2256 est
789 2225 833 2273 pro
844 2223 935 2274 arguet,
948 2212 989 2258 sed
998 2227 1041 2258 nec
1048 2211 1201 2274 ineleganter.
1213 2213 1301 2257 Conve-

260 2286 297 2329 nit
309 2281 373 2345 quod
384 2281 426 2326 inf.
442 2295 486 2342 299
497 2280 659 2343 cosusfoctum
670 2285 797 2346 quicunque
808 2291 938 2346 sequentur.
951 2282 1026 2329 Altera
1044 2295 1078 2329 est
1089 2282 1173 2339 lectio,
1192 2281 1253 2328 haud
1261 2282 1302 2326 ad-

262 2367 328 2398 uersu
338 2351 417 2406 cedet,
429 2351 493 2413 quod
506 2353 585 2396 lleine.
596 2367 609 2396 e
618 2350 704 2397 Medic.
715 2351 813 2414 aliisque
822 2351 937 2414 praetulit,
949 2355 969 2398 ai
984 2352 1054 2398 modo
1063 2351 1173 2398 codicum
1182 2353 1301 2397 auctoritas

261 2424 289 2470 in
298 2420 338 2466 tali
349 2435 404 2466 voce
413 2429 466 2475 eut,
481 2419 547 2475 haut,
565 2420 638 2476 houd,
651 2437 733 2483 magna
746 2435 780 2468 est
790 2439 796 2468 z
808 2422 1013 2469 concinitMentel.
1024 2439 1059 2484 pr.
1069 2422 1142 2467 Haud
1148 2421 1300 2467 amsocadit.

262 2495 300 2539 Sic
313 2492 527 2554 interpungendum
544 2506 591 2538 esse
607 2504 671 2554 patet
682 2508 687 2536 :
700 2496 894 2557 me-nrquerit:
908 2501 995 2540 tentum
1003 2491 1100 2555 fortium
1112 2494 1225 2549 secundo,
1236 2492 1303 2536 Haud

262 2563 358 2620 aduersa
368 2562 448 2607 cedat!
459 2573 560 2617 mutum,
572 2573 662 2607 tanturn
673 2563 756 2619 modo,
768 2579 863 2625 precor,
874 2564 967 2608 ionum
976 2561 1065 2608 faveat!
1077 2563 1104 2606 ln
1119 2562 1169 2616 his,
1181 2579 1235 2608 meo
1250 2564 1302 2624 qui-

264 2633 318 2680 dem
328 2649 408 2688 seusu,
418 2635 526 2694 jejunum
537 2646 570 2679 est
579 2633 656 2680 illud:
669 2635 779 2689 amandu,
792 2633 854 2679 haud
868 2635 969 2680 adversa.
979 2635 1060 2695 ltaque
1070 2636 1227 2696 antiquiorem
1239 2649 1303 2678 revo-

261 2704 313 2752 cavi
323 2719 376 2748 cnm
385 2703 508 2748 Bruncltio.
519 2703 653 2764 Respondet
661 2721 684 2750 r.
695 2719 740 2764 ²99
749 2719 815 2749 casus
824 2707 953 2768 quicunque
959 2709 1071 2766 sequetur.
1081 2703 1178 2764 Accepit
1187 2713 1264 2748 tamen
1272 2703 1302 2746 eie

263 2772 341 2820 locum
354 2775 422 2820 etiam
434 2773 582 2835 Symmachus
593 2772 633 2818 lib.
646 2774 656 2816 l
670 2790 707 2835 ep.
721 2773 750 2818 28
760 2774 788 2818 ab
801 2775 896 2820 Heinsio
905 2774 1011 2820 laudatus
1016 2789 1023 2828 3
1035 2784 1058 2818 et
1071 2784 1147 2835 potest
1156 2771 1243 2835 aliquia
1252 2787 1302 2817 crnn

262 2845 314 2888 viro
328 2842 398 2888 docto
409 2841 523 2903 Briegleb.
534 2855 648 2899 statuere,
660 2846 752 2888 tacitam
763 2845 834 2890 animi
840 2847 1018 2906 protensionem
1029 2855 1052 2888 et
1060 2845 1197 2904 presagium
1207 2842 1304 2888 infelicia

264 2915 338 2958 exitus
347 2911 383 2957 his
392 2912 468 2958 verbis
484 2914 559 2957 innui.
572 2913 625 2956 Erat
634 2911 693 2958 alius
703 2916 737 2958 vir
747 2914 841 2970 doctus,
858 2917 898 2977 qui
912 2915 1041 2976 jungebat:
1053 2915 1152 2976 arquerit
1164 2922 1264 2966 tantum3
1280 2923 1304 2956 ut

264 2997 335 3040 esset,
347 3001 378 3030 ne
388 2984 483 3046 quidem
492 2983 673 3040 insimulaverit,
692 2996 782 3030 tantum
791 2985 855 3031 abest
865 2999 891 3031 ut
907 2988 1034 3033 convicerit
1038 3002 1045 3042 ;
1057 2984 1106 3040 vel,
1120 2986 1305 3050 tantumfortuno

262 3057 341 3107 cedat,
352 3058 378 3100 in
388 3067 488 3111 tantum,
501 3054 621 3100 hactenus.
631 3056 703 3102 Vides
716 3073 754 3103 me
768 3072 834 3103 suum
845 3060 930 3120 cuique
940 3057 1051 3111 reddere,
1064 3071 1108 3101 nec
1119 3072 1253 3119 quenquam
1263 3055 1305 3100 ho-

262 3122 1303 3189 nmmmwoefflfflmmmhmmmmwffiffl-m

264 3205 300 3240 est
309 3197 335 3240 in
346 3197 392 3241 fine
404 3197 468 3241 abest
480 3198 546 3241 Rom.
560 3208 583 3242 et
595 3195 645 3242 aliis
657 3199 718 3243 Pier.
738 3210 761 3243 et
779 3199 858 3243 Heius.
870 3223 902 3234 -
914 3197 965 3244 288.
978 3211 1024 3244 nox
1039 3205 1062 3242 et
1078 3205 1117 3241 tua
1130 3205 1196 3242 testes
1207 3197 1305 3242 Dextera

265 3266 330 3311 malit
346 3269 425 3312 Heius.
437 3291 467 3304 -
481 3283 533 3327 apo.
547 3269 613 3314 Hanc
625 3278 650 3313 tu
662 3269 752 3332 aliquot
763 3271 824 3316 Pier.
838 3283 861 3317 et
876 3271 954 3316 Burin.
972 3285 1024 3316 curn
1042 3268 1112 3314 Goth.
1130 3284 1178 3314 aec.
1189 3269 1256 3314 nanc
1268 3285 1305 3314 ore

266 3337 368 3391 Oudart,
380 3354 393 3381 a
403 3354 434 3382 m.
445 3353 480 3399 pr.
491 3340 558 3384 Hunc
568 3349 589 3385 te
598 3357 637 3386 oro
650 3341 738 3388 Zalich.
752 3345 786 3386 Tu
796 3357 848 3388 vero
863 3357 881 3387 s.
899 3342 969 3387 Odr-
985 3352 1038 3387 tert.
1049 3364 1081 3377 ι-
1093 3352 1145 3401 apr.
1158 3341 1208 3386 Aut
1217 3344 1264 3385 εἰπε
1273 3353 1306 3383 me

265 3408 320 3452 Exc.
331 3408 407 3452 Burro.
417 3425 462 3471 quo
470 3411 593 3458 audentior.
608 3413 679 3466 Ven.‚
692 3412 846 3474 interpolate;
864 3427 919 3459 narn
927 3413 1015 3459 hiatum
1025 3423 1104 3458 tuetur
1110 3413 1235 3458 sententiae
1244 3411 1305 3456 olau-

266 3474 330 3529 sula,
341 3487 364 3520 ει
372 3475 484 3539 loquendi
494 3479 649 3526 intervallum.
660 3482 768 3528 audacior
776 3482 824 3528 duo
834 3485 912 3528 lleina.
926 3508 959 3518 -
970 3498 1021 3543 292.
1038 3483 1149 3528 Percussa
1163 3483 1245 3531 fletu.
1256 3490 1305 3542 pm

266 3545 327 3591 Pier.
338 3546 429 3591 ecodd.
440 3548 565 3597 vindicarit
575 3567 581 3596 :
593 3551 676 3614 vulgo,
688 3552 828 3599 Perculsum.
844 3556 905 3600 Tum
919 3555 999 3600 dedere
1009 3553 1096 3600 Medic.

266 3718 348 3783 rabo,
365 3732 395 3770 ut
408 3719 471 3773 hnic
484 3725 547 3776 forti
559 3728 631 3779 iacto
640 3740 698 3779 tota
708 3730 764 3781 rita
811 3730 887 3796 dieo,
902 3731 1030 3801 profiteor
1050 3730 1084 3782 de
1097 3746 1152 3794 ne,
1167 3728 1304 3798 polliceor.

265 3813 329 3848 ntea
349 3799 383 3848 sit
396 3813 593 3856 consentanea:
612 3809 665 3858 sive
676 3808 761 3872 bona,
811 3811 881 3860 conf.
896 3811 956 3862 Var.
972 3812 1043 3862 Lect.
1062 3809 1104 3859 Ad
1119 3808 1230 3879 pietatis
1247 3823 1305 3858 son·

268 3877 323 3940 pire
342 3876 452 3931 adversa
470 3883 578 3936 fortuna
595 3886 623 3936 in
639 3904 670 3936 eo
689 3905 763 3938 exse·
810 3905 869 3938 enm
884 3890 1010 3960 preclare
1027 3905 1101 3960 seqq·
1119 3900 1183 3940 sant
1199 3903 1305 3958 eompa-

268 3955 376 4024 quendo
388 3976 451 4012 usus
467 3961 553 4014 foere.
570 3973 688 4030 tanum,
703 3965 760 4018 scil.
809 3979 876 4020 rata.
909 3981 913 3990 ·
