2736 4598
213 286 271 374 198
388 279 648 347 EXGURSUS
669 278 706 344 ΙΙ
730 279 793 343 ΑΙ)
817 281 1008 346 LIBRUM
1031 284 1071 348 X.

207 411 293 474 faeta,
307 400 384 479 ejecti
397 407 503 458 Cretam
515 403 639 456 adierunt
653 415 680 455 et
698 393 843 475 G'oitynern
857 415 1032 476 occuparunt.
1045 404 1088 457 Ad
1098 405 1172 458 hoe'
1165 418 1258 477 itaque

209 501 312 559 tempus
325 485 465 540 referenda
476 501 533 538 esse
544 483 652 536 videtur
665 483 836 555 Amyclaeum
848 483 912 535 iila
910 501 926 536 a
940 484 1114 536 [tartensibus
1126 485 1202 541 faeta
1216 506 1260 538 ex·

208 569 354 640 pugnatio,
368 565 434 617 urbe
448 583 480 616 ex
491 564 636 634 improviso
650 575 790 633 occupata.
804 564 839 614 Ut
852 575 941 615 autern
952 562 1005 615 hor.
1016 563 1053 614 ud
1062 557 1188 636 Amyclas
1200 567 1259 616 lto*-

209 647 252 700 tie
265 649 403 702 transferri
414 657 519 717 posset,
532 662 607 696 error
618 643 678 708 ille,
692 644 860 715 quantoties
873 645 1075 716 castigavimus,
1082 643 1261 713 locumferit,

210 746 291 798 quum
303 747 358 780 non
372 727 453 779 modo
467 727 619 779 Graecorum
632 724 752 776 colonias
770 743 820 795 per
831 729 919 778 'totam
936 726 1041 778 Italiam
1054 686 1261 803 disseminarent

208 819 310 858 veteres
324 818 444 858 auctores
456 805 557 870 Latini,
571 822 664 856 verum
683 805 763 856 etiam
780 803 887 854 urbium
904 806 1020 875 origines
1038 824 1069 856 ac
1086 808 1197 857 notitias
1210 825 1262 857 no-

209 889 310 941 minum
323 885 498 941 similitudine
515 883 723 976 corrumperent.
739 883 845 935 Urbem
864 882 1013 936 Amuclas
1006 904 1034 936 ιιι
1045 885 1164 938 hislocis
1176 886 1259 937 ltalioe

208 968 291 1020 fuisse
302 983 380 1020 nemo
394 967 505 1020 dubitet.
519 963 571 1018 Sed
582 965 698 1015 nominis
710 962 856 1016 similitudo
868 965 946 1029 fecit,
957 977 986 1015 ut
995 983 1011 1016 a
1019 965 1154 1017 nonnullis
1166 985 1260 1017 narra-

210 1060 297 1112 retur,
309 1049 429 1099 Laconas
440 1066 499 1098 earn
511 1045 605 1098 urbem
615 1041 781 1110 condidisse,
795 1057 821 1096 et
834 1044 867 1096 ab
879 1044 996 1116 Amyclis
1012 1047 1067 1096 suis
1079 1064 1177 1098 nomen
1189 1046 1260 1097 indi-

210 1125 289 1178 disse.
302 1125 342 1178 De
354 1138 474 1195 tempore
487 1124 598 1176 coloniae
611 1123 697 1175 ductae
710 1125 783 1175 varie
796 1123 931 1175 traditum.
944 1122 998 1176 Alii
1016 1126 1125 1177 comites
1138 1125 1258 1177 Castoris

192 1211 237 1259 'et
255 1205 370 1258 Pollucis
388 1206 441 1258 huc
459 1205 594 1277 appulisse
608 1209 764 1272 narrarunt,
785 1202 988 1276 aliiAniyclaeos
1001 1223 1061 1255 cum
1073 1204 1191 1268 Glauco,
1204 1206 1258 1256 Mi-

210 1287 270 1336 nois
289 1283 358 1350 filio,
373 1285 476 1336 venisse
494 1283 583 1353 (apud
593 1283 743 1362 Servium);
757 1243 868 1335 iandem
885 1283 965 1334 etiam
981 1285 1071 1349 fuere,
1085 1285 1131 1353 qui
1146 1284 1167 1334 L
1185 1284 1260 1353 cangi

210 1378 286 1417 aetate
304 1357 438 1416 coloniam
454 1363 562 1416 ductam
574 1351 694 1415 dic'erent
711 1362 775 1416 ab
758 1381 806 1430 ns,
822 1363 869 1437 qui
879 1364 956 1416 novis
969 1352 1082 1434 legibus
1086 1365 1126 1414 uti
1119 1303 1258 1415 nollent.

209 1443 260 1496 hos
280 1446 364 1508 enim,
383 1443 456 1494 ubi'
449 1462 477 1494 ιιι
496 1459 559 1514 agro
578 1444 736 1495 Pontentino
756 1442 952 1508 ascendissent,
971 1441 1103 1493 Feroniae
1108 1443 1203 1493 lanum
1220 1450 1262 1493 eir·

210 1527 349 1589 struxisse,
364 1537 390 1576 et
402 1527 498 1595 partim
509 1525 572 1576 inde
584 1523 697 1575 Sabinos
711 1523 890 1576 contendisse.
903 1543 928 1573 v
940 1523 1049 1598 Dionys
1060 1512 1143 1575 Hdlic
1157 1523 1205 1574 lib.
1219 1525 1259 1588 Π,

211 1605 246 1673 49
255 1603 298 1675 (Ρ.
313 1604 385 1674 ιι3)
399 1598 522 1656 Ceterum
533 1603 584 1655 ad'
577 1614 640 1655 rstas
654 1591 733 1654 ltaliae
743 1602 880 1675 Amyclas,
891 1595 949 1674 rjus
961 1621 976 1654 a
986 1601 1153 1672 serpentibus
1166 1601 1261 1654 delete

212 1697 269 1736 esse
279 1697 421 1737 narrantur
427 1693 569 1757 ‚spectare
583 1685 701 1736 creditur
712 1693 830 1735 marmor
842 1687 869 1736 in
882 1684 984 1736 aedibus
996 1683 1100 1736 March
1112 1682 1260 1734 Rondinini

213 1766 302 1816 Rome
313 1778 460 1832 servatum,
473 1765 563 1838 (apud
572 1765 700 1818 Guattani
709 1763 882 1816 Monumenti
890 1764 995 1816 antichi
1005 1763 1099 1816 inediti
1104 1761 1182 1834 perl
1189 1775 1261 1813 αιιιιο

217 1846 292 1915 1787.
304 1865 332 1917 p.
345 1847 459 1898 Laxvl.
475 1859 528 1898 tar.
542 1847 593 1918 Ι)
585 1863 613 1900 ιιι
630 1853 715 1920 'stuc
697 1846 824 1898 Fluirus
817 1859 888 1897 rntra
905 1845 1028 1897 ulvosum
1046 1849 1150 1896 amnem
1160 1842 1204 1894 trd
1209 1856 1264 1892 rne-

176 1960 179 1991 )
213 1924 286 1977 diurn
300 1945 397 1998 corpus
408 1927 539 1980 recubans
550 1929 647 1998 excrpit
659 1931 754 1997 'patera
765 1928 873 1978 rivum
862 1926 957 1978 exalto
969 1923 1045 1976 sohte
1054 1913 1261 1976 descendentem

166 2028 172 2060 ι
214 2004 361 2072 demente,
374 2009 402 2058 in
417 2025 470 2078 quo
482 2010 564 2060 ruinae
578 2007 651 2059 urbis
660 2009 794 2069 visentum
808 2019 938 2078 properat
953 2005 994 2057 ad
999 2005 1084 2056 rivum
1093 2011 1206 2074 serpens
1220 2002 1263 2052 in-

214 2085 428 2155 genebarbatus
436 2100 562 2159 tanquam
572 2079 832 2140 sitinirestineturns
839 2088 1015 2139 Manifestum
1017 2081 1262 2188 utiqueiltzurltem

214 2167 242 2216 in
255 2165 309 2217 alto
322 2169 416 2235 sitam,
429 2180 559 2220 vastatam
572 2185 603 2220 ac
618 2168 765 2221 desolatam
778 2151 919 2220 declarari.
