2690 4596
225 231 287 308 442
552 225 764 290 uerunt
788 225 938 292 veen

222 347 478 438 Concordesque
491 349 616 436 ingenti
628 349 738 414 animo
750 350 887 416 mittetis
899 373 1040 418 amores.

221 458 364 535 Interea,
379 455 470 546 quod
482 473 581 522 restat
593 454 715 534 adhue,
730 457 891 544 imponite
903 457 1045 524 flammis

221 565 380 653 Corpora,
395 588 470 654 quae
483 564 557 630 duri
569 563 754 630 miseranda
767 565 892 630 insania
903 566 984 630 belli

219 671 390 759 Abripuit:
405 670 525 736 dehinc
538 693 598 736 nos
610 693 714 760 quum
727 672 872 760 primum
884 675 1026 737 crastina
1038 692 1159 764 surget
1232 689 1274 751 39·

221 777 314 842 Clara
326 777 410 856 dies,
424 777 490 842 laeti
503 778 678 842 Laurentia
688 794 774 842 tecta
787 795 949 865 petemus.
963 808 976 838 n

265 884 416 948 Dixerat:
431 900 464 948 et
475 901 567 950 tanto
579 885 683 950 affatu
695 907 856 948 conversa
865 885 1025 950 tenebant
1118 882 1122 888 ’

221 988 287 1052 Ora
299 990 411 1070 simul,
425 991 600 1078 stupefacti
612 1012 742 1069 omnes,
757 1007 789 1054 et
801 992 947 1079 apertius
960 993 1079 1080 ingens

221 1096 379 1160 Mirantes
391 1096 521 1183 pietatis
534 1119 617 1184 opus
630 1120 637 1162 ;
651 1119 728 1161 mox
740 1096 859 1160 robore
872 1113 943 1162 toto

222 1203 400 1289 Congestas
413 1219 556 1270 statuere
568 1225 678 1292 pyras,
691 1203 871 1291 ignemque
882 1205 1025 1291 repostis
1233 1221 1275 1284 395

222 1307 356 1373 Civibus
369 1310 553 1376 immisere:
567 1310 736 1398 altumque
749 1309 811 1372 sub
823 1309 945 1374 aetbera
958 1311 1073 1375 fumus

222 1415 353 1494 Evolat,
367 1431 466 1504 atque
476 1417 557 1480 atris
564 1416 686 1480 -caelum
698 1414 840 1486 sublime
852 1414 999 1480 tenebris

223 1519 403 1584 Conditur:
418 1522 607 1584 innumeras
620 1525 659 1586 ex
672 1521 761 1585 omni
772 1543 851 1584 rure
863 1519 1032 1600 bidenteS,

223 1625 511 1714 Glandivorosque
523 1649 598 1690 sues
607 1625 773 1716 jugulant,
787 1627 995 1719 pinguesque
1003 1625 1191 1716 juvencos,

223 1732 477 1821 Immittuntque
489 1733 691 1820 rogistlatos
704 1731 857 1798 incendia
869 1755 1004 1820 campos
1234 1749 1275 1806 tuo

223 1838 395 1920 Enudant3
408 1841 519 1902 fremit
531 1839 691 1927 impulsus
704 1837 902 1903 clamoribus
915 1861 980 1902 aer.

267 1947 409 2036 Jamque
423 1969 565 2036 sequens
578 1945 703 2010 clarum
716 1945 875 2009 extulerat
888 1944 943 2008 lux
955 1969 1058 2010 aurea
1070 1947 1255 2016 Phoebum:

223 2054 320 2118 Tunc
332 2054 454 2118 Teucri
466 2053 671 2140 Ausoniique
683 2073 813 2130 omnes,
827 2052 926 2116 misto
938 2052 1086 2138 agmine,
1101 2054 1172 2118 laeti

224 2158 413 2224 Consedere
425 2160 459 2225 in
473 2159 581 2247 equis,
596 2175 630 2222 et
641 2180 790 2246 gressum
802 2157 844 2221 ad
856 2173 943 2221 tecta
955 2158 1139 2224 movebant

224 2265 395 2348 Laurenti,
409 2282 507 2352 atque
520 2264 593 2328 altis
607 2280 748 2358 erectam
757 2263 926 2356 ¹moenibus
939 2264 1078 2330 urbem:
1234 2280 1275 2338 405
1325 2287 1326 2294 ¹

222 2372 307 2432 Ante
321 2393 436 2433 omnes
448 2370 522 2456 pius
536 2372 666 2448 AEneas,
680 2387 756 2457 post
768 2359 885 2435 ordine
899 2373 1045 2458 Drances
1080 2451 1083 2458 ,

222 2475 328 2539 Multa
341 2473 417 2540 duci
430 2476 541 2538 senior
552 2498 740 2540 memorans
753 2500 759 2538 :
774 2475 896 2542 dehinc
908 2477 1005 2540 unica
1017 2477 1132 2564 proles

222 2660 309 2714 secula
322 2660 396 2734 leger,
411 2661 495 2728 Quia,
513 2673 543 2712 ut
555 2663 644 2714 Livius
662 2674 868 2728 commemorat,
886 2674 999 2732 propter
1012 2662 1147 2732 originem
1164 2661 1274 2714 Romani

222 2760 283 2792 cum
299 2744 399 2812 batinis
416 2743 569 2814 societatem
580 2743 704 2795 inierunt.
720 2743 751 2791 A.
770 2771 803 2778 -
820 2741 880 2809 390.
899 2739 993 2793 debinc
1005 2741 1221 2812 quamprimum.
1236 2742 1275 2794 Sic

222 2823 351 2892 scriptum
361 2824 463 2893 reperi,
482 2834 508 2876 et
523 2824 559 2874 ita
573 2823 642 2873 forte
657 2823 781 2873 emissum
793 2835 846 2885 est,
867 2821 915 2886 sed
929 2833 959 2872 ut
973 2823 1049 2891 prius
1061 2819 1158 2888 docui,
1176 2825 1274 2892 inepte.

222 2901 291 2952 Nam
304 2900 397 2970 debuit
407 2901 495 2960 dicere
506 2920 589 2972 quum
597 2901 731 2970 primum,
742 2912 787 2950 aut
799 2889 954 2970 ut'primnm
964 2921 971 2950 .·
983 2918 1038 2950 non
1049 2916 1132 2972 quam
1144 2901 1220 2971 quod
1233 2920 1275 2952 ex·
1325 2925 1326 2980 p

222 2981 332 3050 ponitur
342 2999 391 3050 pro
401 2979 498 3048 valde„
507 2993 536 3030 ut
546 2982 579 3032 sit
589 2979 666 3034 valde
680 2979 796 3050 pridem,
807 2993 853 3030 ant
863 2981 930 3040 cito;
942 2993 1005 3032 sunt
1014 2992 1108 3031 autem
1120 2981 1207 3044 verba
1216 2982 1275 3030 Vir·
1325 2987 1326 3064 4

221 3058 328 3130 giliana.
343 3060 471 3114 Praeterea
488 3079 614 3132 pyrarum
630 3061 786 3126 instructio,
804 3071 830 3110 et
847 3077 992 3129 corporum
1010 3060 1115 3110 exustio
1134 3078 1149 3110 e
1166 3059 1274 3132 Virgilio
1325 3065 1326 3124 4

222 3148 279 3188 tota
293 3135 434 3208 depromta
446 3150 494 3189 est.

258 3213 318 3286 395.
335 3218 469 3289 Conpestas
480 3229 591 3282 statuere
608 3236 695 3289 pyras.
714 3219 775 3276 Haec
793 3221 820 3270 in
837 3219 1054 3288 mentemetiam
1071 3219 1186 3270 invitam
1202 3238 1276 3271 revo-
1325 3229 1326 3236 ¹

223 3307 301 3358 caut,
319 3296 451 3367 quidquid
466 3297 630 3351 admiramur
648 3297 681 3350 de
692 3300 789 3352 Miseni
803 3300 895 3369 Rogo,
907 3296 1011 3350 AEneid.
1026 3298 1078 3364 Vl,
1096 3299 1158 3366 214.
1171 3328 1205 3336 —
1217 3300 1273 3366 400.

223 3371 289 3425 latos
306 3376 426 3446 incendia
441 3397 544 3453 campos
556 3379 686 3449 Enudant
708 3379 843 3451 Spoliant,
855 3379 957 3449 scilicet
969 3379 1117 3450 pecoribus
1133 3398 1184 3449 per
1201 3395 1276 3450 agros

225 3469 327 3521 errare,
338 3467 384 3506 aut
397 3459 472 3526 pasci
484 3457 578 3508 solitis.
589 3459 620 3508 A.

223 3613 350 3664 nuncium
358 3616 509 3668 festivitatis
520 3619 628 3680 futnrae;
642 3619 718 3690 quod
725 3620 801 3672 Maro
815 3619 969 3690 diligentius
975 3620 1097 3688 'servavit
1107 3639 1114 3680 ;
1127 3619 1190 3671 vide
1200 3637 1275 3688 supra

222 3703 331 3758 ”mame
348 3713 372 3744 V·
386 3697 446 3748 30²·
459 3726 494 3737 -
504 3697 564 3764 404.
579 3699 717 3752 Consedere
731 3699 758 3752 in
773 3699 853 3770 equis.
870 3699 977 3754 Scilicet
992 3700 1093 3752 Teucri
1104 3700 1142 3756 ‚in
1155 3697 1202 3768 bis
1212 3715 1275 3769 quos

222 3771 332 3824 Latinus
344 3777 418 3842 prius
432 3776 593 3844 donaverat,
604 3793 650 3830 aut
663 3798 729 3850 quos
741 3778 863 3832 hostibus
876 3782 1049 3850 eripuerant,
1063 3791 1110 3832 aut
1125 3797 1195 3850 quos
1210 3797 1274 3830 nunc

224 3851 323 3902 ilerum
332 3852 457 3919 Latinus,
470 3859 572 3912 misisse
584 3859 754 3930 intelligetur.
765 3860 797 3912 A.
808 3889 843 3898 -
851 3857 988 3926 clod-Ante
997 3877 1106 3923 omnes,
1120 3871 1172 3912 etc.
1181 3857 1275 3929 Supple

222 3929 348 3994 ¹¹¹⁰V0b³l
354 3948 482 4020 gressum.
489 3936 620 4006 A.-407.
628 3937 719 3991 Multa
727 3939 789 3992 duci
795 3939 882 3994 senior
890 3956 1048 3993 memorans.
1054 3938 1123 3994 Ideo
1128 3939 1216 3992 multa
1221 3939 1277 4010 quia

259 3531 320 3596 402.
334 3537 435 3586 Clarum
449 3536 586 3588 Phoebum.
598 3537 628 3590 ld
640 3549 694 3601 est,
708 3537 792 3590 solem
801 3539 928 3604 rutilum,
942 3550 969 3589 et
978 3536 1190 3608 splendentem:
1204 3540 1276 3609 quasi
