2690 4598
217 329 258 406 40
465 325 499 387 P.
526 321 753 386 vinernu
777 291 1007 388 Minoris

217 449 281 514 Sed
294 449 436 514 celerare
448 449 558 535 fugam
571 449 604 510 in
618 448 726 525 silvas,
742 463 773 510 et
786 446 889 511 fidere
902 451 1001 513 nocti.

219 555 387 644 Objiciunt
399 555 525 642 equites
538 575 609 617 sese
620 551 662 616 ad
675 551 813 617 divortia
826 569 903 618 nota

219 661 305 724 Hinc
317 676 416 748 atque
428 659 519 737 hinc,
534 681 733 745 omnemque
745 657 870 722 abitum
883 657 1019 723 custode
1032 674 1205 723 coronant.
1218 672 1264 718 380
1334 675 1335 730 j

188 785 191 791 ·
218 764 302 829 Silva
316 765 391 843 fuit,
405 765 468 828 late
482 763 589 826 dumis
601 779 700 852 atque
712 763 785 827 ilice
798 765 891 850 nigra
1334 757 1335 762 ¹

219 868 375 948 Horrida,
389 893 488 957 quam
501 869 594 933 densi
607 869 799 956 conplerant
810 868 959 957 undique
972 885 1095 950 sentes;

218 978 301 1038 Rara
313 997 373 1062 per
385 976 530 1040 occultos
543 974 673 1039 lucebat
685 976 798 1038 semita
811 974 911 1038 callis.

216 1081 394 1169 Euryalum
407 1081 551 1145 tenebrae
563 1104 729 1144 ramorum
742 1103 948 1168 onerosaque
959 1079 1070 1168 praeda

218 1185 410 1274 inpediunt,
424 1187 572 1275 fallitque
585 1187 684 1249 timor
696 1187 829 1272 regione
841 1186 978 1248 viarum.

181 1333 185 1338 -
216 1295 312 1357 Nisus
325 1292 392 1356 abit
405 1315 411 1354 :
421 1293 556 1381 jamque
569 1291 750 1379 inprudens
764 1307 909 1355 evaserat
921 1291 1038 1370 hostis,

216 1403 324 1488 Atque
337 1398 440 1475 lacus,
455 1398 512 1485 qui
524 1412 598 1483 post
610 1397 700 1462 Albae
713 1396 755 1460 de
767 1398 901 1460 nomine
914 1396 993 1462 dicti

248 1572 301 1636 378.
319 1577 342 1617 in
358 1571 418 1618 silvis
433 1573 498 1618 Leid.
516 1585 539 1618 et
550 1575 605 1636 Reg.
617 1597 649 1608 -
660 1573 713 1635 379.
728 1573 780 1620 380.
799 1575 826 1618 ln
843 1590 916 1620 unum
935 1573 1020 1620 conflat
1037 1572 1106 1618 Goth.
1124 1584 1177 1619 tert.
1195 1573 1262 1637 otjt-
1334 1547 1335 1636 l

217 1649 280 1692 ciunt
294 1659 317 1689 se
331 1647 415 1706 equites
430 1645 515 1688 aditum
531 1644 621 1689 custode
636 1652 734 1690 coronat.
757 1670 788 1680 ·-
807 1644 860 1690 380.
888 1643 930 1689 luto
947 1642 999 1688 illuc
1015 1639 1106 1688 Nonius'
1117 1644 1143 1687 in
1155 1643 1261 1688 divortia.
1334 1667 1335 1698 ξ

217 1715 302 1760 abitum
317 1715 402 1760 Medic.
416 1731 428 1758 a
445 1731 480 1776 pr.
498 1730 528 1758 m.
544 1713 630 1776 aliique
645 1731 697 1759 cum
711 1716 776 1760 Rom.
792 1727 815 1760 et
829 1714 880 1760 aliis
893 1716 968 1770 Pice,
980 1712 1081 1776 pratulis
1096 1729 1192 1776 quoque
1205 1715 1261 1758 Ser·
1334 1743 1335 1746 =

216 1790 279 1842 vius3
298 1789 376 1848 itaque
389 1788 476 1847 recepit
490 1787 605 1832 Heinsius.
622 1787 649 1832 Et
665 1786 757 1832 videtur
773 1802 821 1832 esse
837 1787 929 1832 doctius
947 1803 1016 1850 quam
1029 1784 1124 1846 vulgare
1140 1801 1146 1829 :
1164 1785 1261 1829 aditum.
1334 1787 1335 1844 l

215 1857 258 1902 Ed.
275 1856 371 1901 Mediol.
382 1855 477 1912 obitum,
494 1868 546 1901 tert.
561 1857 644 1902 Moret.
659 1865 726 1920 atque
738 1873 824 1902 omnem
838 1857 930 1901 abitum.
943 1882 974 1892 -
985 1857 1038 1902 382.
1052 1852 1193 1916 complebunt
1207 1855 1261 1900 Me·
1334 1849 1335 1856 ¹

217 1930 261 1974 dic.
275 1954 305 1962 —
317 1927 368 1973 383.
382 1925 470 1972 lucebat
482 1927 546 1980 haud
563 1928 633 1974 dubie
650 1927 778 1990 elegantius
792 1928 821 1974 de
838 1931 874 1974 via
891 1931 952 1974 inter
966 1929 1048 1973 dumos
1064 1939 1087 1973 et
1099 1926 1207 1972 tenebras
1220 1924 1262 1970 sil·
1334 1927 1335 1980 i

215 2014 306 2053 rarum,
323 2014 391 2061 quam
406 1999 512 2053 ducebat,
529 1997 593 2062 quod
609 1997 686 2060 vulgg.
704 1999 857 2061 praeferebant
869 2011 923 2044 ante
935 1999 1067 2052 Heinsiunr,
1085 1999 1127 2060 qui
1139 1997 1261 2050 Serrium,
1334 2005 1335 2032 1

216 2068 302 2114 Medic.
322 2085 334 2113 a
352 2085 384 2112 m.
400 2085 449 2129 pr,
465 2067 568 2131 aliosque
588 2081 699 2132 sequutus
716 2083 772 2115 est:
794 2071 836 2115 etsi
855 2072 917 2114 enim
934 2069 963 2114 ab
980 2085 1023 2114 eo:
1044 2067 1085 2113 sed
1091 2066 1198 2130 frustra,
1216 2066 1260 2110 suh

214 2139 286 2184 finem
301 2151 360 2183 notae
377 2138 506 2200 subjectum
523 2139 604 2194 video,
621 2142 645 2184 in
660 2151 794 2185 contextum
808 2152 885 2184 tamen
900 2138 988 2184 lucebat
999 2148 1119 2200 receptum
1134 2148 1177 2181 est.
1195 2135 1261 2180 Prae-

215 2209 289 2252 iverat
299 2218 374 2251 autem
385 2209 432 2267 jam
445 2207 501 2251 olim
512 2209 640 2268 Naugerius
651 2207 702 2252 Ald.
719 2207 788 2264 1514,
805 2210 842 2253 cui
859 2211 897 2254 vix
912 2224 958 2253 una
969 2219 992 2253 et
1002 2205 1073 2252 altera
1084 2202 1157 2250 editio
1166 2202 1260 2249 obtem-

214 2278 312 2338 peravit.
325 2278 353 2319 At
364 2278 441 2320 semita
451 2278 521 2320 rara?
530 2277 599 2322 Estne
610 2294 661 2339 quae
670 2293 723 2323 raro
733 2278 761 2323 ab
773 2279 881 2340 ingressis
890 2280 951 2324 inter
960 2289 1037 2322 sentes
1048 2275 1142 2336 agnosci
1153 2284 1259 2335 poterat,

215 2349 296 2409 paucis
308 2362 333 2390 ac
345 2349 402 2390 raris
414 2346 540 2394 intervallis
550 2351 611 2394 inter
621 2349 691 2394 saltus
708 2348 830 2411 caliginem
846 2362 928 2412 patens
939 2347 1049 2394 lucebat?
1057 2344 1170 2390 hacteuus
1181 2347 1261 2390 semita
1334 2361 1335 2368 ¹

215 2414 376 2469 miscebat,
393 2415 449 2461 carlo
460 2433 485 2462 ac
494 2417 547 2464 luce
558 2419 658 2480 desuper
673 2421 772 2465 immissa
791 2422 860 2466 certis
878 2432 967 2465 tantum
976 2418 1044 2472 locis;
1058 2431 1087 2461 an
1097 2431 1151 2478 quae
1162 2417 1212 2476 ipsa
1225 2427 1260 2460 est
1334 2441 1335 2450 .

214 2503 278 2540 rara,
290 2487 382 2546 pervia3
395 2497 420 2529 ut
431 2485 487 2531 silra
499 2503 549 2532 rara
560 2487 658 2544 dicitur,
670 2489 693 2534 h.
705 2507 726 2535 e.
735 2476 786 2535 =nou
796 2489 879 2545 densa,
891 2485 977 2540 nortl,
990 2488 1031 2532 sed
1043 2481 1121 2547 ἀραιά.
1135 2484 1182 2530 Sed
1193 2486 1260 2546 prius
1334 2507 1335 2548 j

216 2555 354 2616 expeditius.
367 2552 440 2598 Cattos
451 2555 544 2601 obvium
561 2572 621 2604 esset
637 2573 726 2606 mutare
736 2563 761 2605 in
777 2559 860 2614 valles‚·
879 2559 920 2606 sed
936 2560 1025 2620 accipio
1035 2554 1103 2602 calles
1114 2555 1145 2600 de
1155 2565 1205 2600 toto
1217 2553 1260 2598 illo
1334 2553 1335 2610 ]

215 2625 313 2670 dumoso
325 2637 411 2680 tractu,
432 2628 473 2688 qui
486 2641 534 2673 erat
550 2633 643 2691 pervius
662 2633 707 2690 (sie
718 2630 781 2694 apud
793 2633 883 2677 Livium
895 2629 966 2676 soltus
979 2627 1090 2691 callesque
1100 2625 1260 2688 junguntur),
1334 2611 1335 2670 l

213 2699 238 2743 in
251 2697 294 2742 hoc
308 2708 341 2742 est
352 2699 442 2752 semita,
455 2713 507 2760 quae
519 2699 583 2746 ducit
594 2715 695 2748 euntem.
708 2729 739 2737 -
749 2702 802 2748 385.
809 2701 908 2765 fallique
919 2706 984 2748 timor
992 2700 1077 2746 Medic.
1087 2715 1099 2743 a
1110 2713 1141 2740 m.
1153 2712 1202 2758 pr.,
1212 2697 1260 2740 sic-
1334 2691 1335 2702 ¹

213 2783 258 2830 que
272 2766 326 2813 edd.
339 2766 428 2830 aliquot
439 2771 608 2826 recentiorum,
623 2775 737 2818 concinne
749 2775 855 2829 omnino,
871 2774 965 2818 Heinsio
978 2785 1072 2834 quoque
1082 2766 1177 2830 judice,
1191 2768 1258 2810 ΐῖΜθΓ

213 2837 382 2901 refelleretur,
401 2841 445 2885 nisi
461 2841 581 2886 manifesta
595 2842 683 2888 librarii
695 2847 785 2890 incuria
796 2856 862 2890 esset.
877 2869 908 2879 -
922 2843 974 2888 386.
985 2839 1189 2892 meretricum„
1202 2853 1215 2882 a
1226 2853 1257 2881 m.

212 2927 247 2973 pr.
261 2914 372 2956 invaserat
383 2909 479 2956 Dorvill.
492 2938 524 2947 -
537 2912 588 2976 387.
600 2913 658 2960 locos
670 2915 739 2962 codd.
757 2916 836 2961 Heius.
847 2927 870 2961 et
879 2917 939 2960 inter
950 2929 988 2960 eos
997 2913 1083 2958 Medic.
1090 2944 1098 2966 ,
1115 2911 1148 2956 sic
1161 2923 1258 2972 quoque

210 3056 297 3126 explet
308 3058 378 3110 Serv.
398 3060 484 3111 verbis
494 3059 601 3113 tendere
612 3061 707 3114 adver-

211 3153 254 3187 sus
268 3137 397 3206 aliquem,
408 3139 459 3190 hoc
470 3153 522 3204 est,
535 3140 705 3210 respondere.

210 3215 310 3266 Tamen
323 3217 463 3268 offendunt
476 3219 521 3270 alii
533 3221 650 3290 Interpp.
672 3251 708 3260 -

211 3293 269 3360 379.
283 3292 394 3344 divortia
404 3296 524 3364 doctius,
535 3317 613 3369 quam
622 3299 707 3352 diver-

211 3371 299 3421 ticula.

244 3449 305 3500 383.
324 3451 373 3500 Per
389 3451 467 3504 calles
482 3455 608 3522 occttltos,
622 3458 704 3509 saltus

209 3527 382 3598 caliginosos,
395 3531 509 3583 ducebat
526 3537 632 3600 semita,
645 3537 704 3588 luce

208 3607 322 3676 desuper
348 3610 466 3661 immissa
488 3633 537 3682 per
564 3615 705 3667 intervalla

208 3685 384 3755 agnoscenda.
402 3705 426 3736 v.
444 3690 475 3738 V.
488 3691 516 3740 L.
528 3721 560 3728 -—
574 3692 632 3746 385.
641 3692 703 3762 fal·

208 3761 291 3832 litque
304 3763 601 3835 timorrepioneviarum
612 3771 637 3821 h.
649 3773 702 3837 via,

206 3840 411 3910 periphrastico3
425 3856 453 3893 ut
466 3845 601 3899 aberraret
618 3869 633 3900 a
649 3851 701 3902 via.

207 3919 276 3990 reqio
287 3919 348 3984 vioe,
363 3933 388 3971 et
395 3924 513 3990 poetice,
524 3925 625 3976 viarum
633 3965 642 3992 ‚
651 3947 701 3998 pro

207 3999 265 4069 ipsa
280 3999 334 4050 vie.
350 4000 384 4050 of.
404 4019 462 4072 sup.
482 4002 516 4055 ad
527 4002 573 4056 lib.
587 4006 626 4070 11,
642 4005 701 4076 737.

756 3064 846 3113 Timor
866 3063 938 3132 ipse,
954 3079 987 3111 ne
1005 3061 1033 3109 iu
1050 3057 1141 3107 hostes
1154 3052 1257 3104 incide-
1334 3067 1335 3114 q

756 3154 809 3205 ret,
823 3160 839 3191 a
850 3143 906 3206 via,
922 3157 975 3209 qua
990 3136 1059 3188 elabi
1068 3145 1189 3206 poterat,
1206 3131 1257 3182 ab·

756 3218 836 3270 ducit.
851 3249 884 3256 -
899 3217 959 3270 386.
979 3217 1037 3281 abit
1046 3228 1075 3266 ut
1087 3215 1134 3265 lib.
1151 3215 1184 3275 V,
1201 3213 1254 3264 318

755 3300 861 3350 Primus
872 3298 942 3361 abit,
963 3295 1090 3368 loupeque
1107 3306 1169 3345 ante
1188 3293 1255 3344 alios
1334 3303 1335 3342 l

755 3377 864 3441 emicat,
884 3375 972 3427 evolat
991 3387 1051 3426 ante
1068 3373 1188 3424 alterum.
1204 3372 1256 3422 im·

753 3456 881 3526 prudens,
894 3455 1037 3526 Euryalum
1049 3471 1186 3504 remanere
1198 3471 1256 3503 non
1334 3473 1335 3492 i

754 3534 975 3586 animadvertens.
986 3533 1069 3583 Lacus
1077 3529 1198 3582 Albanus
1209 3531 1255 3582 ali·

755 3625 883 3683 quantum
901 3630 963 3663 sane
981 3630 997 3662 a
1012 3610 1105 3660 Castro
1122 3610 1253 3678 Trojano-

753 3709 827 3755 rum,
843 3709 889 3742 seu
908 3693 985 3741 Nora
996 3691 1091 3758 ijs,
1107 3688 1211 3754 abluit,
1227 3704 1254 3741 et

751 3772 851 3839 majore
869 3772 938 3822 forte
957 3767 1112 3833 intervallo,
1130 3787 1211 3839 quum
1223 3783 1252 3820 ut

751 3849 843 3917 paucis
852 3849 925 3900 horis
939 3869 954 3900 a
966 3848 1053 3900 media
1063 3861 1141 3900 nocte
1153 3848 1251 3900 addici
1266 3845 1268 3852 ’

751 3939 837 3978 ortum
846 3947 878 3979 eo
886 3945 970 3998 usque
980 3945 1147 3998 procurrere,
1161 3940 1187 3979 et
1197 3945 1252 3977 rur-

752 4023 795 4058 sus
817 4006 878 4060 inde
895 4007 973 4060 silvas
992 4019 1111 4078 repetere
1130 4009 1252 4078 potuerit
