2690 4596
333 253 859 366 nuarnosamsaxn.
989 367 991 371 ¹
1053 285 1118 373 369

116 411 137 475 J
139 421 287 476 anonam
298 408 424 474 interea
435 410 505 474 Rex
517 407 753 494 omnipotentis
765 407 899 497 Olympi

70 516 289 608 Adloquitur,
300 517 393 588 ¹fulva
405 538 532 604 pugnas
545 514 689 580 denaba
702 532 870 580 tuentem:

77 626 186 706 «Quae
193 624 263 714 jam
275 623 351 688 finis
364 619 439 702 erit,
454 621 616 711 conjunx?
627 619 710 709 quid
721 621 868 711 denique
881 625 998 690 restat?

71 729 262 818 Indigetem
275 733 399 800 AEnean
411 729 474 794 scis
487 729 571 816 ipsa,
586 743 619 791 et
629 728 714 792 scire
726 728 853 808 fateris,

71 836 198 902 Deberi
211 836 306 916 caelo,
320 836 462 924 fatisque
475 833 518 898 ad
530 833 639 900 sidera
649 833 732 898 tolli.
1079 851 1123 911 795

71 940 165 1025 Quid
178 942 294 1007 struis?
305 957 362 1005 aut
375 963 440 1029 qua
452 962 511 1027 spe
525 939 641 1026 gelidis
653 940 688 1002 in
701 938 845 1004 nubibus
857 937 983 1005 haeres?

71 1047 241 1112 Mortalin'
254 1043 367 1110 decuit
378 1044 494 1128 violari
506 1045 642 1110 volnere
656 1044 788 1110 divum?

74 1225 119 1271 Ge.
132 1224 177 1278 ΠΙ,
191 1221 233 1279 164
242 1225 346 1286 oramque
357 1225 434 1268 insiste
445 1222 558 1276 domandi.
568 1223 691 1270 Rationem
702 1221 774 1268 habet
781 1239 878 1286 quoquo
890 1223 1001 1282 alterum,
1011 1229 1077 1290 quad
1086 1245 1127 1276 ve-

72 1311 129 1342 rum
141 1295 190 1342 esse
202 1295 314 1349 arbitror,
327 1294 439 1357 quodque
448 1296 542 1341 Servius
554 1291 611 1340 alios
621 1293 700 1356 legere
714 1296 758 1348 ait,
770 1293 893 1339 Adsistunt
902 1303 982 1341 contra
991 1301 1128 1346 certamine:

73 1371 109 1415 sic
119 1377 192 1424 stare,
203 1369 307 1422 adstare,
319 1365 494 1430 παραστατεῖν,
506 1366 626 1420 admittere,
638 1366 668 1412 de
677 1366 833 1423 certantibus,
843 1380 870 1413 ut
883 1383 934 1430 sup.
948 1370 992 1425 Xl,
1007 1385 1060 1432 7¹⁰·
1074 1387 1129 1418 con·

74 1449 125 1495 tra,
141 1435 225 1488 ἀντίον.
245 1435 321 1486 iren.
335 1438 417 1500 ‚Atque
430 1437 475 1483 hoc
489 1435 601 1484 exhibent
613 1437 707 1498 Menag.
722 1448 746 1482 et
759 1439 838 1498 Sprot.
853 1453 906 1482 cum
924 1439 994 1485 Goth.
1014 1453 1081 1498 tert,
1095 1445 1128 1488 ita

74 1526 174 1576 quoque
186 1509 261 1562 edidit
270 1507 323 1556 Ald.
336 1511 413 1556 statim
425 1512 451 1554 in
462 1523 498 1570 pt.
513 1508 566 1563 etl,
578 1507 644 1571 quod
654 1519 786 1570 sequuntur
796 1507 851 1564 alii,
863 1520 889 1553 ut
897 1511 978 1572 steph.
984 1545 992 1567 ,
1004 1510 1045 1557 alii
1055 1527 1067 1557 e
1077 1512 1130 1560 vul-

73 1584 135 1646 gatis
149 1584 260 1636 insistant
274 1589 352 1626 tantm
370 1583 503 1634 certamine,
521 1579 586 1642 quod
601 1577 695 1626 Paullus
709 1579 828 1626 Manutius
844 1580 950 1627 intulisse
968 1582 1074 1641 videtur,
1091 1585 1131 1632 vel

75 1656 189 1702 insistant
199 1661 276 1700 contra
290 1655 426 1707 certamina,
439 1650 505 1714 quod
519 1652 642 1712 Egnatium
658 1649 750 1697 dedisse
767 1650 881 1707 dirimus;
898 1663 948 1696 tum
965 1657 1060 1716 repetiit
1071 1655 1131 1701 pul.

67 1741 154 1772 mann.
170 1737 193 1772 et
204 1723 259 1770 hinc
274 1722 351 1786 vulgg.
363 1723 468 1770 Tandem
482 1722 604 1770 Arserunt
616 1731 695 1770 contra
706 1725 729 1768 in
740 1727 862 1768 certamine
870 1723 962 1786 Hugen.
973 1730 997 1770 in
1007 1731 1131 1774 certamina

74 1815 112 1860 pr.
134 1799 233 1851 Moret„
252 1793 344 1840 doctius
362 1796 458 1858 utique,
477 1804 504 1840 ut
517 1795 546 1840 sit
560 1793 682 1840 Aasnnnr
699 1796 722 1838 nt
740 1797 874 1849 certamina,
888 1797 913 1839 in
930 1812 1046 1858 pugnam3
1064 1798 1131 1862 quod

76 1867 189 1930 equidem
195 1867 279 1914 ceteris
288 1865 423 1926 praeferam,
433 1865 452 1908 si
462 1862 577 1908 librorum
586 1865 711 1908 auctoritas
721 1865 775 1908 satis
784 1865 859 1924 gravis
869 1864 942 1910 adest.
952 1867 1000 1911 Sed
1008 1869 1132 1914 Adsr'stnnt

74 1941 213 1993 certamina,
232 1947 272 1984 aut
292 1943 371 1981 contra
389 1937 525 1988 certamina,
545 1932 655 1994 equidem
673 1933 793 1994 quomodo
813 1935 954 1994 interpreter
972 1951 1021 1982 non
1038 1937 1130 1994 habeo,

75 2009 185 2071 adeoque
208 2007 316 2057 revocavi
339 2003 456 2066 vulgatam
479 2005 644 2065 antiquiorem.
667 2004 739 2048 iunxi
757 2018 852 2064 quoque
875 2004 988 2050 adsistant
1010 2011 1131 2057 certamine

72 2080 174 2134 Martae,
189 2089 215 2126 ut
228 2074 307 2122 anitati
314 2087 397 2130 οτηερς
409 2089 470 2130 non,
483 2073 695 2128 adsistantcontra,
707 2076 829 2118 certamine
843 2075 927 2120 Marta
938 2074 1021 2122 anheli.
1033 2102 1065 2113 -
1077 2093 1131 2140 79²·

74 2165 176 2214 pugnarn
186 2150 261 2210 Bigot.
276 2146 388 2192 vadentem
399 2145 523 2196 ¹Mediaeus
535 2146 614 2190 Pierii.
625 2169 657 2180 --
667 2143 722 2206 793.
738 2144 784 2203 Qui
794 2144 929 2204 Leid..·Qnr's
940 2163 976 2209 pr.
987 2149 1069 2194 Hamb.
1080 2159 1132 2194 erat

73 2236 124 2267 sec.
138 2221 230 2281 Menag.
243 2243 273 2254 -
285 2217 339 2280 796.
350 2216 432 2280 qoadt's
444 2214 514 2262 Goth.
530 2226 582 2262 tert.
596 2230 641 2277 pro
648 2215 754 2280 gravida.
771 2218 795 2259 in
806 2215 917 2262 montibus
929 2217 1027 2264 Oudart.
1043 2230 1066 2263 et
1080 2221 1129 2266 Zu-

73 2291 134 2342 licls.
155 2307 169 2338 a
189 2305 219 2338 nt·
241 2307 292 2352 pn,
311 2301 389 2334 merus
407 2287 486 2350 lapsus
506 2285 609 2342 librarii;
623 2302 653 2334 ne
669 2289 721 2350 quis
739 2299 818 2349 putet,
834 2304 887 2334 cum
907 2291 997 2336 ratione
1013 2289 1129 2336 dictume

74 2381 98 2412 v.
113 2361 156 2408 133
169 2377 221 2424 sqq.
234 2361 292 2406 Nam
305 2371 328 2408 et
342 2359 375 2406 ibi
388 2360 454 2410 lune,
467 2358 497 2404 ad
507 2356 589 2406 calum
602 2358 665 2407 redit
676 2376 698 2405 v.
717 2360 768 2420 159.
777 2383 809 2396 -··
821 2359 965 2423 797.·.⁴Dehet
978 2361 1050 2406 scribi
1064 2363 1130 2408 Mor·

77 2431 145 2480 tali’n
160 2447 204 2494 pro
222 2429 319 2481 Mortoii
334 2446 374 2486 an,·
389 2443 415 2478 ut
428 2445 500 2493 supra
513 2432 636 2479 monitum.
651 2429 748 2478 Mortale*
766 2431 805 2477 ed.
820 2429 881 2476 Ven'.
898 2433 976 2478 Bmm.
991 2435 1128 2481 cumGoth.

73 2521 124 2554 sec.
140 2515 162 2551 et
175 2516 229 2550 tert.
244 2501 368 2550 Mortalsm
386 2501 474 2573 legitur
486 2505 511 2548 in
525 2519 597 2565 marg.
612 2503 652 2550 etl.
667 2504 727 2550 Ven.
740 2505 803 2550 Sonti
821 2503 892 2560 smila,
906 2519 955 2550 non
969 2505 1029 2552 mala
1048 2521 1129 2554 ernen-

75 2578 143 2624 datio
156 2578 200 2622 viri
212 2575 289 2631 docti,
303 2577 345 2637 qui
357 2577 382 2619 in
394 2576 509 2620 sententia
525 2573 640 2629 harebat;
656 2590 709 2620 narn
723 2573 769 2620 hoc
784 2578 865 2638 utique
879 2577 1001 2639 indignum
1012 2594 1020 2623 ι
1031 2579 1129 2625 vulnere

74 2650 171 2702 divum,
183 2645 207 2690 h.
220 2646 327 2691 divorum
333 2678 341 2700 ,
352 2643 474 2691 mortalem
486 2646 547 2704 peti,
560 2644 650 2690 violari.
661 2645 739 2690 Video
748 2659 811 2696 nnnc
823 2659 872 2692 esse
882 2660 936 2692 eum
945 2650 1021 2694 virum
1029 2641 1130 2693 ‘doc'turn

72 2717 231 2766 Benedictum
249 2717 274 2758 in
294 2714 331 2759 ed.
350 2713 412 2759 Flor.
430 2715 501 2769 1520,
522 2717 589 2776 eujus
607 2715 678 2760 verba
696 2713 842 2760 adscribam:
863 2716 911 2772 eln
927 2719 1022 2762 vetustis
1040 2728 1064 2762 et
1081 2717 1129 2764 lide

73 2790 153 2852 dignis
164 2784 237 2832 codd.
250 2783 336 2846 legitur
350 2784 472 2829 Mortalem
488 2785 652 2846 decerequod
664 2787 735 2846 magis
749 2781 838 2846 placen
854 2788 897 2833 eni
912 2789 1005 2833 Servius
1018 2787 1130 2834 Mortalin

71 2863 146 2924 legat.
159 2860 243 2902 Sensus
254 2856 314 2900 erit:
329 2870 344 2899 o
357 2856 432 2910 luno,
447 2855 521 2900 decuit
537 2855 664 2910 mortalem,
677 2854 723 2900 hoc
738 2867 772 2900 est
783 2857 889 2912 AEneam,
898 2856 980 2904 violerra'
988 2856 1080 2904 vumere
1093 2861 1129 2904 at-

71 2932 148 2980 vnm?
159 2931 175 2974 i.
188 2927 254 2973 feriri
265 2941 336 2971 manu
352 2925 462 2983 dearum,
475 2924 520 2971 hoc
536 2939 570 2972 eat
585 2929 703 2984 luturnae,
718 2943 769 2989 quae
783 2926 827 2973 dea
840 2939 886 2983 est;
902 2945 926 2991 q.
943 2929 967 2974 d.
985 2932 1089 2976 minime.
1101 2933 1130 2976 Et

72 3005 123 3052 hoc
134 3001 192 3046 dicit
202 2999 308 3060 Jupiter,
320 3007 347 3040 ut
358 2997 476 3043 lunonem
490 2999 629 3053 incesseret,
643 3001 866 3061 criminareturque,
878 2997 943 3062 quod
954 2999 1079 3061 impulerat
1089 3003 1130 3047 Ju-

73 3085 171 3121 turnam
188 3069 259 3114 ferire
278 3067 380 3112 AEneam.
400 3066 436 3111 Ad
453 3067 519 3130 quod
538 3066 620 3129 paullo
642 3081 694 3130 post
711 3083 736 3114 se
754 3082 885 3130 expurgans
903 3069 1030 3130 respondet
1042 3059 1128 3117 'lutros

114 3227 163 3281 791
184 3227 257 3280 seqq.
275 3209 354 3260 Novo
371 3209 480 3260 invento
499 3221 582 3280 poeta
624 3211 721 3261 AEneas
733 3209 799 3261 deus
811 3208 927 3280 lndiges‚
938 3207 1062 3280 ἐγχώριος,
1077 3214 1124 3280 sit,

74 3311 144 3356 nos,
165 3307 248 3362 quum
261 3291 317 3360 jam
329 3306 447 3361 pugnam
458 3291 543 3341 Turni
554 3302 581 3341 et
625 3291 676 3341 sois
684 3291 751 3360 ipsa.
761 3290 796 3340 ef.
806 3291 863 3340 AEn.
872 3291 929 3356 vll,
937 3290 997 3342 313.
1007 3293 1079 3345 Nota
1087 3295 1126 3344 lo-

74 3376 166 3430 AEneoe
174 3371 318 3423 instaurari
326 3383 505 3441 expectamus,
517 3387 581 3421 avo·
625 3372 719 3422 oaLit.
733 3373 753 3436 1,
763 3389 823 3441 esp.
835 3371 878 3421 af.
887 3369 986 3421 Tibull.
996 3372 1028 3436 11,
1042 3371 1067 3437 5,
1081 3373 1124 3441 45.

74 3467 140 3518 cat,
164 3465 191 3505 et
213 3454 316 3505 animos
340 3469 483 3524 suspensos
508 3461 581 3504 tenet
625 3451 660 3517 46
671 3467 730 3520 sqq.
740 3449 860 3522 fatisque
875 3450 911 3500 ad
925 3450 1009 3501 sidera
1022 3451 1081 3504 tolli
1094 3471 1127 3507 ex

75 3537 191 3588 deornm
211 3533 329 3585 consiliis
351 3534 524 3603 interpositis.
544 3561 579 3570 -
623 3531 763 3582 Enniano:
781 3529 854 3580 Unus
865 3530 929 3594 erit,
946 3549 1023 3602 qoem
1034 3547 1062 3583 tu
1075 3533 1126 3585 tol-

74 3630 138 3688 791.
156 3613 214 3664 Hoc
230 3613 286 3663 fere
308 3611 388 3664 modo
405 3613 526 3684 Odyssea
544 3611 579 3662 ad
624 3609 658 3662 les
670 3611 705 3661 ad
714 3611 798 3663 sidera
813 3608 872 3660 cati
876 3649 885 3674 ‚
901 3612 974 3680 quod
987 3617 1127 3686 usurpavit

75 3696 158 3746 linem
169 3701 297 3762 properat
311 3711 345 3755 a,
359 3692 407 3759 471
422 3709 479 3762 sqq.
494 3691 580 3742 amni·
624 3689 702 3741 Ovid.
723 3690 784 3739 XlV
804 3689 867 3741 Met.
891 3690 950 3756 814.
973 3694 1042 3745 Hinc
1063 3713 1126 3748 mox

74 3770 310 3848 potentissslympi.
316 3771 335 3822 l.
343 3787 394 3841 pro
404 3769 516 3821 deorum
526 3783 581 3820 orn·
624 3771 694 3820 iuno
707 3787 732 3820 v.
746 3769 797 3836 819
809 3768 945 3842 subjungit
957 3774 1031 3825 aliud
1045 3777 1123 3847 quid,

75 3855 271 3925 nipotentiurn,
287 3852 305 3902 l.
325 3853 354 3901 in
368 3867 422 3920 qno
441 3851 479 3901 dii
496 3851 581 3900 omni·
626 3848 700 3920 quod
711 3867 764 3900 non
777 3851 827 3900 fati
838 3854 981 3904 necessitas
992 3855 1122 3925 imponat

77 3949 202 4006 potentes
214 3932 357 3984 hahentur.
369 3929 404 3982 of.
415 3947 474 4000 sup.
486 3927 521 3982 ad
532 3929 578 3980 lib.
624 3945 725 3998 -797.
733 3928 793 3998 798.
803 3945 861 3998 799.
869 3925 944 3982 Prior
951 3951 1042 3984 versus
1051 3953 1125 4006 spec-

77 4017 118 4081 X,
135 4031 157 4066 r.
169 4045 205 4056 -
215 4014 280 4086 794,
295 4011 355 4085 795.
368 4011 451 4065 fatale
464 4027 537 4074 esse,
551 4023 581 4062 nt
625 4021 663 4062 tat
675 4009 710 4062 ad
722 4009 764 4075 id,
773 4010 846 4082 quod
857 4012 949 4082 paullo
960 4015 1124 4067 anterulnus

148 4104 174 4170 l·
916 4101 949 4167 24
