2736 4598
372 284 609 354 AENEIDOS
632 289 786 354 LIBER
807 235 871 355 X'I.
1078 291 1137 356 261

99 412 279 502 Tullaque,
293 426 327 475 et
338 429 471 476 aeratam
483 413 632 502 quatiens
644 413 786 502 Tarpeia
798 437 962 495 securem,

100 519 250 601 Italides,
264 543 344 608 quas
357 521 428 608 ipsa
440 519 541 586 decus
554 520 616 586 sihi
628 519 682 585 dia
693 521 828 586 Camilla

101 627 248 714 Delegit,
262 627 418 714 pacisque
430 625 533 690 hones
545 625 691 714 bellique
703 627 876 692 ministras.
972 707 979 722 ο

100 733 223 814 Quales
235 731 397 796 Threiciae
410 753 514 820 quum
525 729 661 795 flumina
672 729 931 796 Thermodontis

101 921 239 986 sphalmata.
259 924 359 969 lucrina
376 921 446 970 Goth.
463 940 509 970 sec.
527 949 559 960 -·
574 923 627 970 656.
648 920 746 987 Telaque
763 941 800 987 ap.
818 924 943 978 Priscian,
959 921 1027 970 male.
1046 937 1146 969 securem

100 997 213 1041 Heinsius
224 997 338 1057 reposuit,
356 1008 467 1042 monente
479 995 563 1042 eodem
574 997 740 1050 Grammatico,
756 1005 779 1042 et
790 995 968 1042 assentientibus
983 993 1044 1039 Gud.
1063 1006 1086 1040 et
1098 1009 1143 1040 see.

101 1063 201 1110 Mentel.
212 1065 241 1109 Δῑ
252 1065 314 1110 coni.
324 1065 367 1110 inf.
378 1065 432 1127 697.
446 1069 542 1112 securim
550 1076 628 1112 tuetur
636 1067 703 1110 Rom.
711 1090 743 1101 -·
749 1065 802 1127 657.
815 1081 873 1111 aura
883 1067 949 1112 llam
960 1074 983 1111 et
992 1061 1085 1118 Vratisl.
1095 1063 1149 1108 dura

102 1136 188 1196 passim
201 1135 312 1195 scriptum
325 1135 349 1178 in
361 1135 430 1180 codd.
444 1133 505 1181 Pier.
517 1135 606 1180 lleinsii
616 1145 639 1180 et
650 1135 712 1180 binis
721 1133 791 1181 Goth.
803 1146 826 1181 et
839 1135 899 1190 ert,
913 1136 946 1179 sic
961 1143 984 1180 et
994 1131 1079 1178 Medic.
1091 1147 1105 1176 a
1114 1148 1146 1177 m.

101 1219 140 1266 pr.
151 1226 182 1238 ·-
191 1202 244 1248 658.
257 1207 363 1267 pacisque
374 1203 502 1252 beneven.
514 1205 567 1252 edd.
579 1215 662 1251 nostrae
671 1219 763 1260 omnes,
773 1215 822 1251 tunt
834 1203 903 1251 hortas
912 1201 1059 1250 emendatum
1070 1203 1096 1245 in
1108 1200 1145 1246 ed.

102 1273 159 1318 ald.
173 1289 209 1335 pr.
221 1285 244 1320 et
255 1289 316 1329 sec.;
326 1286 350 1320 at
360 1273 423 1321 hante
433 1287 567 1323 revocatum
579 1277 605 1322 in
615 1275 668 1321 Ald.
680 1287 732 1322 tert.
744 1288 767 1322 et
778 1275 833 1324 hinc
842 1276 929 1330 ductis,
940 1273 1016 1320 donec
1026 1273 1090 1335 prior
1099 1265 1151 1317 lec·

103 1344 139 1387 tio
148 1341 218 1388 bonas
228 1345 313 1389 iterum
322 1345 439 1392 obtineret
449 1363 461 1392 e
471 1345 609 1392 Commelin.
622 1344 698 1390 Pulm.
709 1345 804 1408 steph,
814 1359 884 1409 quam
893 1342 1013 1390 meliorem
1023 1341 1150 1388 lectionem

102 1411 194 1458 hahent
204 1413 312 1460 meliores
323 1415 403 1462 lleins.
415 1432 468 1462 oum
477 1416 598 1472 Mediceo;
610 1419 761 1480 agnoscitque
774 1432 824 1463 eam
833 1418 958 1462 Arusianus
969 1415 1074 1460 Messius.
1086 1411 1149 1458 hortoe

103 1494 184 1528 tamen
193 1494 272 1528 tuetur
283 1484 348 1529 Rom.
360 1500 413 1530 cum
423 1485 474 1532 aliis
483 1488 543 1533 Pier.
558 1487 636 1533 Heins.
649 1499 672 1533 et
681 1489 773 1543 lium,
783 1503 810 1536 ac
819 1486 881 1532 hinis
889 1483 973 1542 Goth,
985 1495 1034 1530 tum
1045 1482 1150 1544 agnoscit

104 1553 208 1598 Servius.
230 1551 286 1598 hono
299 1553 379 1599 Franc.
401 1553 501 1620 belloque
513 1556 610 1602 Oudart.
624 1558 752 1602 merueratis
763 1557 844 1601 Franc.
864 1579 895 1590 -
910 1553 962 1614 659.
983 1551 1083 1597 Threicio
1094 1551 1149 1596 Exc.

105 1618 233 1669 Burmann.
249 1623 351 1670 Threicia
364 1628 446 1673 sitium
458 1643 582 1690 operarum
595 1628 632 1674 ed.
646 1629 674 1672 tt.
688 1629 767 1674 Heius.
783 1626 966 1674 Thermodootttis
976 1623 1053 1686 vulgg.
1066 1623 1152 1684 passim
1217 1622 1221 1631 ’

106 1693 178 1750 edd,
189 1697 244 1741 item
254 1707 310 1742 vett.
322 1697 405 1754 codd,
416 1700 459 1745 etsi
467 1701 515 1761 J'am
525 1700 674 1746 'emendatum
683 1699 800 1747 dederunt
809 1699 937 1761 Naugerius
947 1708 969 1744 et
977 1697 1094 1758 Egnatius.
1107 1695 1153 1740 lies

105 1777 171 1809 nunc
182 1775 237 1811 nota
247 1777 293 1821 est,
304 1781 353 1813 esse
366 1766 534 1814 Thermodontis
543 1786 556 1814 a
566 1764 705 1833 Θερμώδων,
716 1785 785 1819 orcos.
796 1769 825 1816 ei.
836 1767 944 1831 Apollon.
957 1767 990 1820 11,
1002 1780 1055 1827 97²·
1065 1767 1154 1810 Tenta-

105 1845 173 1880 verat
183 1835 297 1882 nonnulla
308 1838 333 1882 in
344 1836 368 1882 h.
381 1837 397 1882 l.
407 1837 541 1885 Wakefield
552 1839 614 1886 Silva
624 1841 675 1884 crit.
685 1839 738 1886 Vol.
751 1839 829 1902 11er·
841 1838 883 1899 94,
893 1853 944 1900 qua
953 1847 1030 1880 umen
1039 1836 1153 1896 mo¹i1>⁸0

105 2005 143 2056 ris
156 2024 231 2073 eam,
241 2009 399 2061 Parthorum
409 2027 498 2074 more,
508 2022 608 2061 retrer·
653 2013 694 2079 11,
711 2027 749 2061 tr.
768 2026 808 2062 ra.
822 2008 879 2061 aliae
894 2006 1003 2059 arbores
1012 2018 1116 2071 campos
1126 2010 1154 2050 et

106 2089 511 2158 sumsagittasemisisse.—658.
522 2089 608 2140 minis·
646 2089 768 2166 flumina
790 2086 842 2139 late
863 2088 947 2137 Curva
969 2091 1062 2134 tenent.
1084 2079 1153 2132 Mihi

108 2175 172 2229 tras,
183 2169 292 2220 comites
301 2191 307 2218 r
316 2171 353 2220 sic
360 2166 463 2232 inuidet
472 2166 609 2220 Penthesi-
655 2181 743 2221 tamen
751 2186 832 2239 quum
842 2158 1102 2236 ipsarespersuadet,
1109 2159 1153 2229 agi

106 2244 157 2296 leae
167 2245 213 2300 dat
222 2249 336 2314 Quintus
346 2248 460 2300 Calaber
469 2248 515 2300 lib.
527 2247 609 2313 1,33,
655 2246 688 2300 de
711 2247 818 2298 ilnmine
839 2245 924 2317 glacie
945 2241 1077 2303 obducto,
1096 2250 1153 2288 tum

107 2337 139 2376 ¹¹¹
151 2323 291 2393 dtprinerm
302 2329 415 2381 heroum
427 2341 495 2379 sunt.
511 2327 610 2377 Totum
654 2345 717 2380 vero
726 2328 805 2379 etiam
815 2322 956 2378 Claudiani
968 2319 1095 2384 imitatio,
1106 2317 1153 2386 qui

105 2404 183 2456 illum
192 2406 281 2459 locunt
291 2405 324 2460 de
332 2407 506 2472 Penthesilea,
515 2420 541 2459 et
550 2425 611 2476 par·
654 2425 709 2458 non
722 2405 798 2458 aliter
808 2403 966 2456 intellexisse
976 2399 1095 2452 videtur:
1107 2393 1154 2448 ad·

106 2495 162 2536 tem
168 2485 229 2536 libri
238 2486 380 2540 contulisse
390 2505 444 2538 non
454 2485 608 2557 paenitebit:
654 2486 769 2538 scribam
785 2497 871 2536 totum
889 2483 978 2534 locum
993 2482 1065 2532 Pros.
1082 2487 1153 2546 rapt.

107 2579 138 2616 ut
156 2568 264 2618 omnino
284 2569 389 2638 poetico
406 2579 503 2618 ornatu
520 2563 608 2616 nullus
653 2569 693 2633 11,
715 2564 830 2617 62....66
853 2561 945 2633 Qualis
962 2557 1157 2610 Amazonidum

108 2657 229 2698 veterum
238 2658 377 2716 poetarum
388 2644 548 2715 locupletior
556 2643 609 2694 hoc
651 2643 729 2716 peltis
747 2641 859 2695 exsultat
876 2639 986 2692 aduncis
1000 2636 1048 2705 (ex
1061 2646 1155 2685 nostro

108 2724 211 2790 Quinto
223 2729 279 2785 est;
294 2742 343 2776 nec
360 2724 454 2775 dubito
472 2723 609 2791 antiquio·
653 2741 691 2774 vs.
709 2722 780 2792 663)
797 2719 915 2772 Pulchra
934 2716 1043 2774 cohors‚·
1056 2711 1156 2784 quoties

109 2820 153 2854 res
176 2819 242 2871 opes
269 2803 296 2852 in
324 2820 356 2853 eo
378 2801 470 2854 latere.
491 2829 527 2842 -
547 2799 607 2870 659.
653 2787 1156 2870 Arctonpopulataviragollipppolyte

112 2880 242 2936 Threicia
250 2879 467 2950 Amazonesepro
475 2877 612 2951 Scythicis,
657 2879 747 2931 niveas
768 2875 842 2928 ducit
861 2884 920 2946 post
940 2868 1034 2942 pratia
1058 2879 1156 2918 tunnas

109 2961 153 3014 vel
163 2959 315 3013 Sarmaticis
325 2961 407 3025 dixit,
420 2972 449 3012 ut
461 2960 613 3011 Threisaani
657 2957 727 3027 (hoc
739 2955 854 3007 illustrat
869 2969 920 3003 sss.
938 2950 998 3001 661.
1012 2946 1095 3015 662);
1112 2963 1158 2996 seu

109 3042 278 3114 Harpalycen
291 3060 349 3113 sup.
360 3039 407 3093 lib.
421 3043 448 3105 l,
459 3037 528 3104 316,
542 3037 614 3107 Stry·
658 3055 741 3110 quum
754 3053 779 3088 se
790 3031 891 3084 Martia
903 3045 982 3080 nunu
994 3023 1158 3076 Penthesilea

110 3121 198 3172 monis
206 3121 323 3174 Amazon
331 3123 449 3191 Propert.
462 3119 507 3182 IV,
520 3117 551 3182 4,
563 3117 613 3186 69,
658 3115 738 3185 refert
750 3109 839 3183 (redit
853 3123 987 3179 expugna
1004 3116 1030 3155 et
1051 3100 1159 3177 quidem

112 3201 197 3272 quod,
207 3214 335 3274 tanquam
342 3213 439 3272 poeta,
448 3201 507 3270 jure
518 3215 566 3247 suo
577 3197 614 3247 fe·
658 3197 768 3256 victrix;
789 3193 851 3244 hinc
866 3185 1002 3248 exultant,
1018 3195 1045 3236 et
1063 3199 1159 3253 magno

112 3282 158 3332 cit.
181 3279 328 3332 Sarmatica
348 3292 437 3332 autem
460 3279 534 3348 origo
556 3276 612 3326 fere
659 3272 809 3344 tumultu),
829 3270 880 3322 Seu
884 3265 971 3342 flavos
987 3272 1098 3314 stravere
1112 3259 1161 3310 Ge-

113 3363 249 3413 commnni
258 3375 374 3414 veterum
386 3375 518 3412 consensu
527 3358 559 3407 iis
570 3357 615 3405 tri·
659 3365 717 3416 tus,
739 3370 785 3403 seu
797 3347 871 3418 forte
889 3345 1014 3416 rigentem
1037 3339 1162 3428 Thermo·

114 3441 222 3505 buitur,
236 3443 286 3493 etsi
295 3439 412 3510 vulgaris
429 3436 522 3489 fabula
534 3454 550 3486 a
561 3434 616 3484 Ta·
663 3429 786 3483 dantiaeo
806 3424 919 3478 Tanaim
933 3421 1038 3494 fregere
1059 3435 1160 3478 accurs,-

116 3519 205 3572 naidis
216 3522 289 3572 ostiis
297 3518 332 3572 ad
343 3521 419 3570 Ponti
431 3517 495 3570 fines
504 3513 620 3568 etTher·
664 3509 809 3584 (glaciem,
829 3523 887 3575 quae
900 3503 1012 3554 Tanaim
1026 3496 1161 3550 obducere

116 3599 272 3652 modontem
281 3599 307 3650 ll.
316 3618 360 3651 eas
373 3597 496 3651 traduxit.
506 3592 558 3646 vid.
567 3593 618 3644 loc.
665 3591 793 3660 inciperet
805 3597 832 3636 et
848 3584 987 3652 trajectum
1001 3577 1102 3629 ratibus
1114 3579 1163 3668 im:

117 3679 197 3733 class.
210 3681 306 3732 lustin.
317 3681 358 3742 II,
372 3679 395 3744 4.
410 3677 482 3728 conf.
495 3673 620 3745 Apollon.
666 3666 798 3742 pediret.)
811 3660 957 3714 Transtulit
974 3658 1019 3710 hic
1035 3655 1164 3710 Claudia·

116 3763 158 3828 ll,
176 3759 228 3830 370
231 3796 276 3810 .....
283 3759 336 3830 966
358 3775 416 3827 sqq.
437 3769 463 3807 et
482 3753 565 3806 schol.
588 3783 622 3792 -
666 3767 717 3802 nus
739 3746 773 3798 ad
796 3743 918 3806 Tanain,
941 3737 1013 3810 quod
1033 3737 1108 3788 Maro
1130 3733 1164 3787 de

118 3859 204 3914 quum
212 3840 335 3917 flumina
354 3834 550 3890 Thermodontis
561 3831 623 3904 pul·
666 3823 864 3880 Thermodonta
873 3829 1073 3873 memoraverat.
1082 3818 1164 3866 Porro

118 3930 196 3974 sant:
212 3938 262 3990 pro
274 3919 339 3988 ripis
351 3915 448 3966 llumen
458 3913 559 3964 dictum
569 3913 623 3983 opi·
649 3965 651 3970 ,
667 3907 744 3959 Silius
752 3906 789 3971 ll,
803 3903 845 3973 73.
859 3898 954 3972 Quales
962 3895 1088 3948 Threiciae
1096 3891 1165 3980 th·

119 4009 200 4054 natur
210 3995 297 4051 Cerda
307 4007 335 4050 et
345 3993 406 4062 alii,
417 4003 447 4045 ut
457 4011 482 4044 v.
494 4011 517 4045 c.
526 3991 623 4062 Georg.
668 3988 752 4058 dopen
764 3985 932 4057 Pangaeaque
944 3977 1057 4058 lustrant
1067 3973 1169 4026 Saxosts
