2724 4600
370 310 604 376 AENEIDOS
628 314 781 380 LIBER
803 317 842 383 X.
946 307 951 318 Χ

84 433 174 498 Tum
186 434 262 524 pius
275 433 391 499 AEneas
403 432 529 499 hastam
537 435 616 524 jacit
627 458 634 497 ι
648 436 702 500 illa
713 461 774 526 per
784 439 899 505 orbern

84 544 160 605 AEre
173 563 292 606 cavum
303 539 438 629 triplici,
452 563 512 628 per
523 540 608 605 linea
621 558 724 630 terga,
738 545 908 637 tribusque

85 647 231 711 Transiit
243 647 404 710 intextum
416 647 517 710 tauris
530 668 628 734 opus,
642 648 773 736 imaque
786 650 872 716 sedit

87 752 244 840 lnguine3
256 750 315 816 sed
327 750 412 814 vires
424 748 514 814 haud
525 752 679 838 pertulit:
694 754 785 819 ocius
796 777 910 838 ensem

88 860 219 936 uaeas,
232 857 303 921 viso
316 852 481 945 Tyrrheni
493 858 651 944 sanguine
662 857 770 938 laetus,

88 965 193 1052 Eripit
204 987 223 1028 a
235 963 372 1040 lemine,
387 980 419 1027 et
431 963 608 1051 trepidanti
621 965 766 1030 fervidus
779 967 886 1033 instat.

88 1070 254 1158 Ingemuit
265 1069 330 1134 cari
343 1069 484 1156 graviter
496 1070 652 1157 genitoris
664 1094 790 1151 amore,

89 1178 133 1241 Ut
144 1176 242 1257 vidit,
256 1177 618 1267 Lausus;lacrimaeque
631 1201 691 1267 per
703 1201 759 1244 ora
771 1181 901 1247 volutae.
1086 1219 1130 1265 79⁰

89 1283 150 1349 Hic
162 1283 278 1372 mortis
291 1282 381 1348 durae
394 1304 520 1364 casum,
534 1300 657 1373 tuaque
671 1302 806 1374 optuma
818 1287 915 1368 facta,

120 1485 173 1549 7⁸3.
181 1487 243 1549 Atp.
251 1501 286 1548 pr.
296 1485 379 1532 flamb.
387 1502 400 1532 a
407 1501 438 1530 m.
448 1501 494 1532 sec.
504 1487 609 1550 etbigot.
619 1504 672 1534 cum
682 1489 750 1536 Goth.
761 1501 814 1536 tert.
824 1497 848 1535 et
853 1489 967 1552 perbeid.
977 1517 1008 1530 -
1018 1495 1070 1557 784.
1078 1497 1133 1544 AEn

89 1573 142 1604 cauo
153 1559 217 1604 llum.
232 1567 265 1604 ter
276 1556 334 1604 tinea
343 1557 414 1604 idem.
427 1555 500 1622 ἰῐφιω
515 1559 623 1605 nonnulli
636 1576 673 1622 ap.
684 1563 758 1617 rien,
770 1573 819 1608 tum
829 1563 905 1623 Sprot.
917 1579 953 1625 pr.
968 1565 1049 1612 llamb.
1063 1580 1087 1613 ct
1095 1585 1132 1631 pr.

89 1629 186 1685 lieret,
198 1644 276 1691 acpro
285 1645 333 1676 var.
345 1627 496 1676 lecczulich.
509 1646 561 1676 cum
574 1631 615 1676 Ed.
626 1628 676 1692 pn,
688 1632 761 1695 idque
768 1633 872 1679 Catroeus
878 1650 1001 1697 perperam
1010 1629 1131 1701 sequntur.

88 1725 119 1736 —
129 1700 183 1762 78⁵.
196 1704 283 1765 unoque
297 1699 386 1756 Colot,
400 1701 495 1748 indocte
507 1717 535 1748 ex
550 1704 766 1765 interpretamento.
784 1706 837 1750 sidit
849 1707 874 1751 in
885 1722 957 1768 marg.
970 1708 1008 1754 ed.
1024 1709 1132 1774 Sylburg.

89 1788 124 1834 ap.
133 1773 212 1818 barm.
225 1798 257 1808 -
268 1770 320 1836 788.
331 1771 418 1836 semine
429 1774 528 1819 Carisius
545 1786 569 1819 et
586 1773 694 1837 plerique
706 1775 776 1821 codd.
789 1778 851 1824 Pier.
869 1789 893 1824 et
904 1779 997 1836 Heius,
1013 1781 1092 1844 itaque
1104 1783 1134 1828 ab

88 1842 182 1888 nennio
193 1853 326 1904 receptum,
338 1858 408 1904 quem
416 1842 478 1888 vide.
491 1842 536 1888 Alii
545 1859 599 1888 cum
611 1844 680 1890 Goth.
692 1859 738 1891 sec.
749 1857 773 1892 et
784 1857 837 1891 tert.
843 1845 945 1908 sentem,
957 1849 1022 1910 quod
1033 1851 1134 1896 Priscia-

90 1927 133 1958 nus
141 1914 253 1974 agnoscit.
264 1911 333 1957 Gonf.
345 1912 376 1957 ad
383 1911 471 1958 Tibull.
482 1913 507 1968 1,
518 1929 546 1974 9,
558 1913 594 1958 26.
612 1913 727 1976 mfemim
738 1915 807 1961 Goth.
818 1931 854 1976 pr.
865 1940 897 1950 -
908 1915 962 1976 789.
976 1921 1075 1979 praviter
1087 1923 1137 1966 cari

87 1982 186 2031 Dorvill.
195 2009 227 2020 —
235 1999 289 2045 79⁰·
300 1982 403 2030 volutant
409 1995 457 2029 tres
465 1984 544 2031 licius.
556 1998 579 2032 et
588 1985 636 2030 duo
647 1983 789 2034 Burmo'cum
799 1986 845 2030 Eri.
855 1983 934 2032 solutae
942 1987 1016 2048 bigot.
1028 2000 1051 2034 et
1062 1989 1134 2035 Goth.

89 2065 141 2100 tert.
155 2078 187 2089 -
199 2069 252 2116 79¹·
266 2056 349 2116 optim
355 2054 424 2117 jacta
433 2066 502 2100 erunt
510 2055 579 2100 fortia
590 2070 596 2100 τ
608 2057 688 2117 sicque
702 2054 757 2100 libri
766 2066 906 2100 constanter.
917 2057 945 2100 At
957 2055 1020 2116 apud
1029 2058 1136 2104 Servium

89 2123 142 2170 alii:
153 2134 249 2188 tuaque,
258 2128 341 2187 optime
347 2159 355 2182 ,
361 2125 442 2188 ficeta,
453 2125 518 2188 quod
526 2125 619 2187 placere
627 2139 715 2188 potest,
725 2126 767 2172 Ge.
780 2126 886 2172 Fabricio
895 2142 990 2189 quoque
1001 2139 1023 2172 et
1033 2129 1137 2192 Coning-

89 2195 158 2242 bamo
168 2197 289 2259 judicibus
301 2212 306 2242 :
319 2199 400 2260 sicque
411 2197 480 2244 Goth.
490 2212 551 2252 see,
561 2199 604 2242 etsi
617 2214 630 2242 e
642 2199 817 2252 recentissimis,
830 2210 863 2253 et,
876 2196 940 2260 quod
951 2199 1053 2255 mireris,
1062 2199 1136 2246 licin-

90 2269 123 2314 sio
133 2283 181 2314 non
191 2267 350 2325 observatum,
361 2284 414 2314 am.
422 2284 468 2316 sec.
476 2269 604 2314 Mediceus.
614 2268 681 2313 Unde
690 2267 737 2314 Jul.
748 2268 846 2315 Sabinus
853 2268 1012 2331 Apronianum
1019 2271 1050 2314 its
1058 2268 1137 2331 legere

90 2337 193 2384 tradidit.
205 2338 286 2384 Obstat
298 2351 388 2395 tamen,
403 2337 468 2403 quod
480 2340 541 2386 bene
556 2339 614 2386 vidit
625 2337 739 2394 Brunck,
749 2339 814 2402 quod
824 2339 928 2385 additum
936 2341 984 2402 jam
996 2331 1042 2395 est,
1046 2343 1138 2404 juvenis

89 2408 298 2472 montarcume-frito
307 2425 343 2472 pr.
354 2411 419 2457 Voss.
428 2426 482 2460 cum
491 2410 575 2460 eodem
585 2409 669 2467 Goth..
680 2425 724 2458 uec
734 2409 779 2458 hoc
788 2409 861 2467 msle3
868 2422 894 2458 ut
904 2410 960 2458 alias
969 2411 1015 2458 lata
1025 2423 1049 2458 et
1057 2427 1136 2459 cesum

88 2479 166 2542 jungit
180 2492 259 2543 poeta.

125 2656 176 2725 783
199 2675 255 2728 seq.
281 2659 390 2714 Homeri
407 2663 520 2734 vestigia
535 2665 592 2732 jam
636 2663 783 2732 respexisse
796 2661 877 2712 aiunt.
890 2657 1058 2709 Inbocvero
1068 2675 1135 2728 poe·
1203 2711 1206 2714 ,

89 2748 192 2789 veteres
210 2735 254 2788 hic
276 2752 441 2812 agnoverunt
459 2741 534 2792 Iliad.
555 2761 591 2806 γ,
635 2751 668 2790 tae
684 2757 794 2790 acumen
807 2737 941 2788 observari
953 2735 1046 2798 velim,
1059 2735 1135 2804 quod

90 2814 142 2869 355
159 2833 233 2887 seqq.
254 2817 302 2870 361
327 2836 383 2889 seq.
405 2817 513 2890 Clipeos
533 2819 592 2870 Me-
628 2828 736 2892 tantam
744 2820 869 2888 pietatem
878 2815 971 2866 tribuit
982 2813 1037 2864 filio
1048 2813 1134 2864 homi-

4 2933 8 2948 .
90 2895 169 2946 rentii
181 2897 346 2966 septemplex
360 2898 426 2959 luit;
443 2917 475 2950 ex
491 2897 590 2969 triplici
635 2897 676 2946 nis
690 2897 751 2946 saevi
763 2907 789 2946 et
801 2897 906 2964 injusti,
922 2892 1048 2963 quodque
1061 2891 1134 2944 huuc

91 2992 156 3038 tere,
171 2993 203 3026 ex
216 2988 369 3048 tegumento
384 2977 470 3042 lineo,
482 2977 592 3048 triplici·
635 2977 721 3045 ipsum
738 2987 855 3045 patrem,
872 2973 1007 3025 hominem
1023 2973 1135 3041 impium

92 3070 144 3123 que
156 3057 231 3108 corio
243 3058 348 3111 murino
361 3070 515 3128 compactus
527 3077 533 3106 :
548 3053 592 3106 tri-
624 3054 805 3120 vetodiosum‚
813 3066 912 3106 nature
920 3054 1020 3105 affectu
1028 3063 1054 3103 et
1065 3070 1135 3103 amo-

92 3132 138 3184 bus
150 3134 246 3192 taurisr
257 3137 336 3190 coriis
348 3137 474 3202 taurinis,
491 3147 520 3190 ut
536 3135 591 3186 Ho-
635 3152 664 3184 re
676 3135 704 3183 in
715 3132 798 3182 lilium
808 3131 991 3183 mollissimum
998 3129 1133 3182 exhibuit:

51 3203 54 3210 ⁴
91 3214 291 3274 mericumssoilc.
634 3225 665 3262 ut
686 3213 756 3264 enim
774 3213 801 3262 in
821 3212 943 3282 tragicis,
962 3211 1000 3264 ita
1019 3230 1090 3264 nunc
1106 3213 1135 3263 in

127 3294 187 3363 789.
201 3311 275 3365 seqq.
288 3295 319 3346 ln
331 3294 392 3350 loeo
405 3293 591 3365 seqdeLausi
636 3293 712 3362 epica
732 3291 783 3342 hac
805 3309 936 3363 persona,
956 3302 1030 3342 tanto
1050 3293 1134 3364 magis

92 3375 120 3424 in
131 3373 289 3426 Mezentium
306 3386 411 3444 patrem
424 3375 529 3445 pietate¹
539 3373 592 3424 An·
635 3389 772 3422 movemur
793 3372 899 3441 pietatis
911 3369 970 3422 'boc
987 3371 1087 3444 aflectu
1106 3373 1135 3426 iu

92 3451 239 3518 idochum,
250 3453 371 3504 Nestoris
380 3453 416 3518 i,
427 3463 488 3504 ante
499 3451 591 3504 oculos
635 3450 757 3515 homine,
771 3452 817 3522 qui
827 3451 926 3504 nullam
939 3451 998 3504 talis
1015 3450 1136 3506 hnmani·

91 3528 218 3582 babuisse
225 3529 311 3584 videri
318 3543 407 3601 potest
415 3543 509 3602 poeta,
518 3533 593 3602 quip·
635 3532 698 3584 tatis
710 3548 802 3585 sensus
812 3548 887 3601 spem
898 3530 932 3582 de
943 3549 971 3582 ee
983 3532 1091 3584 fecerat.
1101 3560 1136 3572 -

92 3609 318 3678 pecujussimilis
329 3611 416 3680 pietas
429 3629 472 3681 ap.
485 3610 591 3662 Grecos
637 3627 696 3681 791.
731 3609 921 3664 observandus
951 3610 1025 3663 locus
1055 3613 1136 3666 etiam

93 3699 187 3757 poetas
201 3688 264 3741 inde
284 3708 300 3743 a
319 3689 425 3761 cyclicis
442 3702 469 3741 et
484 3691 592 3760 tragicis
636 3703 788 3762 propterea,
795 3689 954 3760 quodpoeta
961 3693 1053 3762 epicus
1061 3709 1136 3745 suam

93 3765 145 3816 fuit
169 3765 385 3820 celebratissima.
414 3768 462 3820 Vel
485 3767 594 3821 Pindari
637 3772 694 3842 ipse
712 3784 854 3840 personam
869 3769 961 3840 prodit
974 3781 1000 3822 et
1017 3773 1137 3842 interpo-

93 3846 173 3898 Oden
189 3847 224 3898 Vl
242 3848 344 3920 Pythie.
364 3848 433 3902 vide.
452 3849 510 3900 Hoc
523 3861 593 3901 certe
637 3851 692 3910 nit3
712 3868 761 3900 nec
782 3843 921 3915 indecore,
945 3860 991 3900 aut
1007 3848 1134 3910 absurde;

94 3925 262 3998 probabilius
284 3927 397 3993 dixeris,
422 3946 502 3998 quam
521 3927 594 3998 quod
639 3927 753 3982 advertit
776 3930 847 3981 enim
870 3930 987 3981 animum
1008 3928 1135 3992 lectoris,

94 4017 203 4058 narrata
213 4005 247 4059 de
257 4005 384 4080 Scipione
396 4007 523 4062 Africano
534 4026 595 4062 eum
640 4008 705 4062 dum
723 4010 780 4082 ipse
796 4021 877 4081 poeta
894 4008 1060 4062 miseratione
1077 4023 1138 4070 cou-

165 4092 193 4159 4.
664 4123 669 4126 -
935 4111 964 4150 12
