2736 4598
397 316 632 382 AENEIDOS
655 318 809 382 LIBER
831 320 871 385 X.
1093 326 1150 388 183

112 437 289 527 Dependet
301 440 405 528 galea,
420 455 453 503 et
464 454 558 526 prato
570 439 679 526 gravia
690 462 779 504 arma
792 441 975 530 quiescunt.

112 545 203 609 Stant
214 546 292 612 lecti
304 546 427 612 circum
436 544 592 635 juvenes3
604 545 674 632 ipse
686 567 785 633 aeger,
797 546 968 627 anhelant,

113 649 204 714 Colla
217 652 321 733 fovet,
335 652 428 716 fusus
440 673 617 740 propexum
630 650 664 714 in
676 668 810 738 pectore
821 652 971 734 barbam;

111 756 218 820 Multa
230 779 330 845 super
342 759 450 822 Lauso
461 757 593 845 rogitat,
605 757 815 846 multumque
825 760 977 840 remittit,

112 861 177 942 Qui
189 880 359 943 revocent,
372 865 544 953 maestique
556 864 663 928 ierant
675 863 828 928 mandata
839 865 997 952 parentia,
1060 918 1063 926 t
1108 875 1160 934 tte

112 970 155 1030 At
168 967 311 1033 Lausum
323 970 403 1036 socii
415 970 599 1034 exanimem
610 991 709 1057 super
720 991 809 1034 arma
821 969 972 1034 ferebant

112 1073 259 1153 Flentes,
276 1076 458 1163 ingentem,
471 1091 570 1165 atque
583 1075 707 1163 ingenti
720 1075 855 1140 volnere
866 1076 1007 1140 victum.-

112 1177 280 1268 Adgnovlt
291 1180 390 1270 longe
402 1182 562 1270 gemitum
573 1202 717 1269 praesaga
728 1181 806 1246 mali
817 1203 911 1246 mens
922 1203 930 1244 ε

112 1285 275 1354 Canitiem
287 1287 392 1356 multo
405 1285 569 1356 deformat
579 1287 733 1376 pulvere,
748 1303 781 1352 et
791 1286 903 1358 ambas

112 1388 165 1455 Ad
177 1392 295 1456 caelum
306 1391 413 1467 tendit
425 1394 564 1483 palmas,
579 1410 612 1458 et
623 1416 762 1484 corpore
775 1392 926 1457 inhaeretr
1111 1402 1160 1460 stt

116 1525 130 1556 a
141 1497 292 1564 Tantane
303 1501 476 1566 metenuit
487 1497 635 1580 vivendi,
648 1515 741 1580 nate,
752 1499 923 1588 voluptaS,

112 1693 179 1758 quod
193 1695 291 1744 Mentel.
308 1697 367 1746 alter
378 1715 405 1744 ac
416 1696 528 1744 Schleffer.
545 1715 598 1746 cum
614 1699 690 1761 Regio
702 1713 729 1744 ac
744 1699 815 1743 Paris.
827 1693 942 1751 melanus,
961 1692 1026 1758 quod
1041 1691 1160 1738 arridebat

113 1767 211 1813 Heinsio
228 1779 251 1814 et
267 1783 389 1832 receptum
405 1787 418 1816 a
435 1770 606 1832 &nimphamr
620 1771 752 1832 Depravate
768 1769 865 1814 αάηιζτιιε
882 1764 1051 1812 venatuum
1061 1761 1159 1809 Dorsill.

113 1837 187 1882 Porro
198 1851 260 1884 oenea
271 1840 362 1903 llugen.
371 1842 398 1886 ln
406 1839 452 1885 fine
462 1856 526 1887 ramo
534 1841 601 1886 llom.
610 1852 634 1886 et
644 1841 707 1886 Serv.
717 1837 748 1884 ad
756 1838 804 1883 Ecl.
814 1839 858 1893 vl,
869 1835 904 1882 ιδ.
911 1861 942 1871 -
949 1834 1002 1882 836.
1011 1833 1072 1878 Dum
1080 1832 1162 1896 pendet

113 1907 213 1953 Dorsill.
225 1918 249 1955 et
260 1910 324 1957 abest
333 1911 423 1958 Zulich.
435 1936 466 1947 -
478 1909 531 1975 837.
544 1911 611 1956 Stant
618 1913 703 1956 circum
713 1908 764 1955 lacti
770 1923 873 1972 proceres
880 1906 970 1970 aliquot
976 1906 1037 1951 Pier.
1049 1905 1116 1949 Stant
1124 1903 1163 1948 tea·

113 1975 213 2024 Dorrill.
226 1995 239 2024 a
251 1995 282 2024 m.
292 1995 329 2043 pr,
344 1991 412 2046 atqie
427 1984 473 2043 ipse
487 1996 546 2046 ceper
554 1982 624 2027 idem.
637 1977 732 2026 anhelus
740 1977 830 2024 Zulich.
841 2002 873 2014 -·
884 1976 937 2022 838.
948 1989 1083 2038 prospectam
1094 1973 1160 2018 Rom.

112 2062 248 2110 perperam,
258 2067 388 2115 perpessam
399 2054 455 2100 vitia
469 2050 539 2099 codd.
557 2065 580 2100 et
596 2051 651 2098 edd.
667 2054 690 2096 in
704 2063 796 2114 corpore
808 2047 870 2095 Gud.
880 2072 911 2082 -
920 2045 973 2108 839.
990 2047 1087 2108 roqt'tans
1100 2042 1160 2087 Gud.

113 2117 180 2163 Leid,
198 2119 338 2188 multamque
353 2125 460 2178 remittit,
473 2122 537 2168 haud
553 2123 625 2170 dubie
642 2122 746 2176 doctius,
763 2120 828 2165 Rom.
844 2130 867 2164 et
882 2117 968 2164 Medic.
981 2132 1034 2162 curn
1050 2113 1112 2159 Gud.
1125 2129 1161 2175 pr.

113 2187 245 2238 Mentel.'et
252 2197 335 2240 ceteris
346 2193 545 2258 praestantioribus
554 2211 559 2240 :
569 2195 649 2256 itaque
659 2204 722 2240 recte
731 2202 852 2253 receperat
862 2189 978 2236 Heinsius.
985 2185 1076 2233 Excidit
1085 2196 1162 2230 tamen

114 2269 137 2304 et
148 2258 193 2305 hoc
205 2261 332 2310 Burmanni
342 2267 472 2312 recensioni
485 2277 508 2312 et
519 2268 604 2312 iterum
619 2263 710 2310 illatum
725 2261 820 2324 vulgare
835 2259 968 2324 multosque.
980 2283 1012 2296 -
1023 2256 1076 2316 840.
1083 2255 1162 2320 ferent

113 2329 167 2374 Ere.
180 2331 259 2377 Burm.
270 2347 294 2380 et
307 2336 388 2382 tnnc.
400 2351 508 2398 responsa
523 2335 590 2381 Leid.
601 2359 633 2370 ·-
645 2331 698 2390 8ίμ.
710 2334 835 2378 exuturum
849 2332 929 2377 Heius.
942 2345 955 2375 e
967 2328 1057 2392 seriptis
1066 2339 1162 2372 revoca-

114 2399 159 2454 vit;
171 2400 242 2462 vulgo
254 2409 390 2450 exanimum.
400 2422 422 2452 v.
435 2405 466 2450 ad
477 2405 509 2450 tv
519 2405 568 2450 AEn.
580 2403 602 2450 8.
616 2407 744 2450 exanimum
755 2404 811 2450 socii
817 2393 921 2452 Parrllas.
932 2395 1060 2446 etllorvill'.
1069 2393 1161 2450 -843,

116 2470 293 2531 Aqnoscitalter
305 2474 386 2520 llamb.
395 2474 489 2531 -tlt
502 2471 573 2522 multo
582 2475 661 2520 lleins.
674 2473 803 2519 secundum
813 2471 916 2516 Pierium
927 2468 1032 2523 reduxit,
1046 2464 1077 2514 ob
1091 2462 1161 2510 codd.

115 2552 268 2599 consensum,
279 2557 302 2591 et
310 2545 413 2592 lhcrob.
426 2547 467 2601 lv,
477 2546 504 2602 3,
514 2559 564 2592 tum
573 2561 669 2610 quoqne
680 2546 778 2592 variasse
791 2540 906 2588 dicendus
918 2551 952 2586 est
965 2549 1033 2602 poeta
1047 2536 1085 2592 id,
1098 2534 1163 2598 quod

115 2603 157 2652 lib.
168 2610 223 2667 llll,
235 2612 278 2658 611
293 2618 440 2664 retractavit:
452 2617 567 2662 Canitiem
581 2613 695 2660 inmundo
706 2613 823 2678 perfusam
832 2609 924 2674 puluere
940 2617 1046 2671 turpem
1058 2604 1122 2650 uude
1138 2605 1163 2648 in

114 2683 258 2728 recentiores
275 2685 357 2744 (etiam
367 2686 435 2732 Goth.
445 2688 508 2745 sec.)
519 2697 542 2732 et
554 2689 580 2735 in
592 2685 646 2734 edd.
658 2685 683 2730 la.
694 2683 710 2728 l.
723 2686 803 2732 veuitz
819 2680 932 2727 immundo
943 2679 1054 2741 desumat
1063 2672 1162 2736 puluere.

114 2773 145 2784 ·
155 2748 208 2808 845·
218 2755 371 2817 corporialter
381 2757 474 2820 Menag.
481 2757 566 2804 Mutet.
576 2773 622 2804 sec·
633 2768 657 2806 et
666 2773 678 2802 a
691 2772 721 2802 tn.
732 2773 768 2818 pr.
776 2751 880 2807 zulich„
892 2747 955 2814 quod
968 2748 1086 2816 vulgarius
1093 2755 1161 2798 esset3

116 2833 179 2868 nunc
195 2821 265 2872 loeret
277 2830 300 2872 in
312 2813 453 2893 corpores-
461 2827 515 2886 846.
528 2827 633 2876 voluntas
643 2819 711 2876 etiam
722 2827 762 2874 hic
771 2823 862 2890 aliquot
872 2823 950 2866 llurm.
961 2835 1014 2864 cum
1027 2823 1063 2879 p'r.
1076 2827 1099 2862 et
1109 2827 1161 2860 tert.

113 2980 205 3048 juxta,
222 2996 252 3034 1¹¹
267 2986 322 3039 Eet.
334 2989 450 3056 =Vl,-1(i,
467 2989 572 3042 Servius
582 2989 592 3054 ,'
603 3012 615 3036 s
698 2987 758 3052 841.
768 2986 817 3034 llic
826 2999 952 3054 magnum
963 2988 1071 3049 poetam
1082 2976 1109 3025 in
1119 2973 1160 3024 his

114 3076 169 3112 uon
181 3062 260 3115 male.
277 3065 369 3120 Eidem
384 3066 490 3121 videtur
505 3085 617 3120 novasse
663 3081 794 3137 agnosce,
818 3060 894 3130 quod
910 3069 967 3110 arte
988 3072 1037 3106 sua
1054 3053 1161 3116 effecit,

116 3135 143 3189 h·
162 3140 180 3192 l·
200 3155 280 3212 poeta
299 3143 411 3199 adclinis
428 3157 455 3199 et
472 3163 617 3219 propexam
661 3156 692 3194 ut
709 3141 850 3202 Mezentii,
866 3150 920 3188 tam
931 3134 1020 3189 invisi,
1031 3131 1161 3195 hominis,

118 3221 241 3283 barbnm
259 3223 383 3293 equidem
398 3235 525 3278 novatum
541 3225 615 3276 dice·
660 3222 830 3274 missratione
840 3219 942 3270 animos
955 3221 1060 3266 nostros
1073 3223 1163 3280 tauge-

117 3318 173 3352 Μ
179 3303 268 3371 primo
280 3303 341 3355 loco
351 3304 501 3377 quiescant,
510 3306 614 3373 iacent,
658 3313 707 3356 ret.
730 3301 869 3353 Rationem
882 3310 910 3349 et
924 3293 1049 3358 modum,
1066 3304 1093 3344 et
1105 3309 1162 3362 qnae

117 3377 151 3430 de
161 3382 257 3446 armis,
270 3382 420 3455 seuclipeo.
429 3413 462 3424 --
470 3383 530 3436 838.
542 3379 616 3435 Colla
659 3383 706 3436 illa
717 3383 785 3447 sint,
801 3397 854 3450 per
863 3395 921 3448 quae
932 3375 987 3428 hacc
999 3375 1105 3437 effecit,
1122 3373 1164 3424 ri-

112 3457 206 3527 fouet:
219 3464 330 3515 sustinst
339 3476 421 3536 caput
431 3463 534 3516 arboris
544 3473 616 3513 trun·
660 3457 845 3514 cleantharum
856 3471 944 3508 rerum
954 3453 1076 3505 studiosi.
1085 3467 1165 3520 super

118 3555 159 3588 ⁰⁰·
166 3539 371 3608 sustinebam,
381 3541 617 3604 habensharbs'm,
661 3559 753 3604 amn,
764 3555 845 3607 super
853 3535 956 3606 clipeo,
965 3544 995 3584 ut
1004 3530 1084 3584 facile
1095 3547 1164 3582 asse·

118 3635 231 3690 eamque
243 3639 405 3692 propexam,
418 3623 505 3674 lusam
516 3624 544 3672 in
555 3639 619 3690 pee-
664 3620 761 3692 queris.
779 3618 814 3668 cl.
832 3633 890 3686 sup.
909 3611 969 3666 506.
987 3611 1119 3682 iapentem
1129 3637 1163 3650 -

117 3708 176 3764 tus,
188 3718 244 3752 non
256 3703 372 3753 otiosum
383 3715 439 3768 est,
451 3700 498 3754 sed
508 3700 543 3752 ad
553 3696 619 3768 inip-
665 3698 784 3771 inqenti:
803 3697 886 3748 etiam
897 3693 955 3744 lnec
976 3689 1011 3743 ad
1030 3707 1164 3741 commen-

118 3798 183 3844 tum
215 3783 375 3835 narrationis
407 3779 619 3852 requirebatur,
664 3777 801 3830 dationem
819 3774 879 3826 cassi
897 3770 1001 3842 juvenis
1019 3767 1162 3838 pertinent.

119 3857 182 3910 dum
192 3860 228 3911 ad
238 3873 360 3914 truncum
373 3861 518 3914 acclinatus
529 3860 616 3928 capite
660 3857 724 3908 lisina
731 3853 808 3921 μὸγῖις
818 3847 957 3920 ,tripotenti
964 3847 1042 3900 lliad.
1052 3866 1088 3911 a,
1102 3845 1161 3915 776.

120 3936 251 4004 demisso,
266 3940 384 3992 recubat.
398 3943 553 4011 depectere,
565 3956 615 4008 pro
660 3935 760 4004 -844,
772 3931 918 4004 desumant.-
929 3931 967 3980 sic
981 3939 1059 3978 ornat
1070 3927 1164 3974 Home-

120 4016 248 4087 inpactus
259 4031 306 4080 ;ut
317 4019 386 4071 bene
396 4019 485 4084 Seru,
498 4018 614 4086 antique.
660 4017 746 4068 ticum
754 4008 898 4078 eurardum
908 4009 1003 4080 Odyss.
1017 4028 1047 4066 a,
1061 4001 1162 4055 315.-
