2690 4598
209 302 252 368 66
457 298 492 359 Ρ.
517 281 749 358 VIRGILII
772 293 1003 373 MARONIS

209 427 269 490 Dis
281 422 406 510 genite,
421 436 454 485 et
465 421 617 508 geniture
630 418 710 484 deos
720 419 811 510 :jure
824 421 934 486 omnia
945 421 1032 488 bella

208 532 314 595 Gente
327 528 390 594 sub
401 527 550 592 Assaraci
560 526 632 590 fato
640 543 779 590 ventura
791 525 938 592 resident
950 551 957 590 :

205 636 235 700 N
238 658 275 701 ec
287 652 319 699 te
331 635 432 724 Troja
445 632 541 719 capit.
555 661 568 690 n
584 632 702 712 Simul,
715 631 788 698 haec
798 633 931 713 effatus,
945 634 1066 701 ahalto
1126 711 1129 718 ¹

206 740 340 806 AEthere
352 761 388 804 se
401 739 514 816 mittit,
529 738 681 825 spirantis
694 736 841 803 dimovet
851 761 960 819 sums,
1205 755 1251 814 641

204 845 448 933 Ascaniumque
461 844 561 932 petit:
576 844 717 908 formam
727 859 801 908 tum
811 846 951 909 uertitur
963 846 1029 910 oris

201 953 386 1041 ¹Antiquum
397 952 431 1014 in
444 953 564 1029 Buten;
577 948 631 1013 hic
644 948 812 1014 Dardanio
824 950 975 1020 Anchisae

203 1063 356 1150 Armiger
365 1075 441 1125 ante
455 1060 530 1138 luit,
545 1051 698 1148 fidusque
710 1059 753 1123 ad
765 1060 878 1130 limina
890 1077 1015 1143 castos;

202 1172 291 1236 Tum
303 1169 458 1232 comitem
468 1164 607 1229 Ascanio
619 1182 714 1253 pater
724 1164 853 1231 addidit
865 1190 871 1229 :
886 1166 954 1232 ibat
964 1167 1087 1256 Apollo

202 1276 323 1342 Omma
333 1272 483 1358 longaevo
496 1269 625 1349 similis,
640 1293 842 1360 vocemque,
855 1271 1084 1363 coloremque,
1202 1287 1249 1340 ⁶50

201 1383 246 1447 Et
255 1381 353 1446 crinis
364 1375 471 1455 albos,
485 1392 518 1440 et
529 1397 614 1442 saeva
626 1377 805 1442 sonoribus
816 1401 921 1460 arma3

232 1548 285 1605 648.
306 1545 408 1592 residunt
426 1554 480 1590 tert.
504 1543 615 1590 Rottend.
637 1543 696 1591 alter
715 1545 842 1608 llamburq.
863 1557 886 1592 et
904 1545 1005 1602 zulich„
1028 1557 1052 1592 et
1069 1547 1189 1595 lleinsitm
1209 1546 1249 1595 hie

200 1634 267 1668 suum
287 1631 374 1662 morem
394 1629 443 1660 non
461 1629 563 1660 servam
582 1615 665 1660 miror.
684 1615 800 1661 vaticinia
822 1617 883 1661 enim
906 1616 989 1662 melius
1011 1619 1119 1679 prasenti
1143 1630 1250 1681 tempore

199 1691 337 1738 efferuntur.
358 1711 388 1721 —
405 1681 459 1740 644.
478 1682 564 1746 affatus
584 1683 676 1746 aliquot
694 1685 820 1730 Burmann.
837 1710 868 1722 -
885 1683 939 1742 645.
958 1688 1019 1731 misit
1038 1684 1128 1748 aliquot
1145 1688 1249 1734 Pierian.

199 1773 225 1809 et
241 1760 366 1808 Burmann.
385 1762 516 1816 spumeas
532 1770 568 1815 pr.
585 1754 711 1816 naubare.
725 1755 827 1808 demovet
840 1756 888 1805 duo
903 1757 1028 1806 hinnu.
1040 1771 1093 1802 eum
1106 1757 1205 1809 nonan
1216 1783 1251 1796 ·-·

198 1829 252 1888 646.
263 1828 366 1892 formum
381 1826 461 1874 flens.
475 1840 488 1874 e
500 1823 638 1874 melioribus
649 1825 710 1873 Pier.
724 1837 747 1871 et
758 1827 818 1882 sins,
829 1843 874 1892 pro
884 1823 985 1888 uulgari,
997 1824 1091 1890 fanno:
1103 1826 1168 1888 (prod
1177 1828 1247 1878 Rom.

199 1915 287 1958 tuetur,
293 1899 395 1964 formum
405 1899 428 1941 in
436 1899 554 1962 antiquum
562 1895 610 1946 Jnl.
621 1896 674 1942 sab.
685 1895 780 1958 legerat.
791 1923 824 1934 -
832 1896 886 1955 648.
897 1896 984 1944 luminu
991 1899 1067 1958 Sprot.
1076 1919 1107 1932 ·-
1116 1896 1170 1958 649.
1183 1901 1249 1948 Tunc

197 1971 305 2020 Parrhas.
318 1969 386 2013 Hune
396 1977 485 2027 septem
497 1967 623 2011 Burmann.
634 1981 687 2011 cnm
698 1967 768 2013 Goth.
778 1983 825 2014 sec.
837 1993 869 2005 -
878 1968 933 2014 651.
941 1969 1014 2014 crues
1019 1967 1094 2028 flavos
1103 1966 1163 2013 male
1172 1970 1250 2015 inter-

197 2042 305 2108 polatum
316 2041 342 2085 iu
353 2039 418 2084 Rom.
431 2034 510 2081 multia
522 2036 583 2082 Pier.
596 2036 676 2082 lleina.
689 2037 768 2086 Burm.
781 2050 805 2086 et
815 2039 877 2086 binis
888 2036 958 2087 Goth.
970 2036 1017 2082 Eri.
1030 2039 1099 2083 etiam
1109 2048 1164 2086 vett.
1178 2038 1233 2090 edd.
1239 2074 1249 2098 ,

194 2190 296 2233 mactus
306 2175 411 2227 videtur
423 2189 481 2225 esse
496 2173 587 2241 letus,
600 2177 694 2247 propi-
741 2191 821 2231 notas
832 2177 867 2231 ad
880 2177 958 2230 ovid.
972 2177 1096 2230 lllTrist.
1109 2177 1139 2244 4,
1152 2176 1201 2240 30;
1219 2192 1248 2231 et

195 2264 256 2314 tius.
270 2259 303 2309 cf.
317 2255 382 2306 Cato
397 2254 431 2305 de
444 2255 497 2306 llll.
514 2256 571 2322 134.
585 2285 619 2296 --
631 2257 692 2324 641.
742 2259 831 2312 Barth.
845 2258 879 2311 ad
895 2258 957 2310 Stat.
973 2259 986 2308 l
1000 2257 1095 2310 Achill.
1115 2256 1171 2309 151.
1188 2259 1246 2310 No·

194 2339 316 2414 peniture
326 2336 384 2387 deos
395 2347 506 2405 propter
522 2336 622 2386 Julium
636 2336 694 2387 Cn·
742 2350 800 2390 tum
822 2339 885 2390 satis
911 2351 949 2391 est
975 2336 1042 2390 illud
1064 2334 1185 2409 'Philippi
1209 2338 1246 2392 ad

194 2429 280 2474 sarem
292 2432 324 2470 et
341 2418 507 2487 Angustum,
526 2431 559 2468 nt
575 2417 647 2469 Serv.
659 2447 695 2458 -
742 2419 922 2470 Alexandrum
939 2415 1023 2468 [ilium
1037 2439 1042 2467 :
1056 2415 1153 2483 Quare
1168 2416 1243 2469 alind

193 2499 255 2566 641.
266 2499 326 2564 643.
335 2495 534 2549 Adscribendus
547 2509 587 2548 est
598 2496 642 2548 hic
655 2497 695 2549 lo·
745 2517 873 2572 regnum,
886 2496 1020 2550 Munditie
1030 2494 1079 2566 peip
1092 2515 1116 2547 ot
1129 2496 1156 2548 oti
1164 2497 1245 2568 χοριῗ.

193 2596 241 2631 cus
252 2578 300 2640 iis,
312 2578 340 2626 in
354 2575 449 2646 quibus
461 2577 535 2646 pacis
545 2594 594 2650 per
603 2576 696 2629 orbem
744 2608 779 2617 -
790 2577 851 2644 645.
867 2577 993 2648 spirantes
1004 2593 1089 2626 auras.
1105 2577 1163 2628 Nee
1174 2579 1244 2630 vita·

193 2673 325 2712 terrarum
343 2658 470 2708 restitutae
488 2668 516 2708 et
531 2657 592 2708 Jaui
610 2656 695 2710 clausi
743 2655 798 2722 les,
809 2677 870 2709 cum
881 2657 986 2719 Servio,
995 2673 1045 2707 nec
1058 2655 1169 2721 odoras,
1182 2674 1245 2708 cum

193 2738 324 2792 memoria
335 2734 492 2786 celebratur.
504 2733 579 2787 Certe
588 2748 650 2806 post
659 2737 691 2787 U.
742 2736 845 2804 Cerda,
858 2735 907 2788 sed
921 2735 1030 2798 flantes,
1044 2731 1156 2790 messione
1170 2733 1245 2804 edm

194 2817 224 2869 C.
235 2813 455 2886 7adscriptahaec
463 2831 519 2866 esse
527 2833 634 2867 neeesse
643 2827 691 2866 est.
742 2818 842 2888 accipe.
855 2845 888 2857 -·
901 2815 962 2884 647.
980 2812 1054 2865 Alius
1073 2827 1130 2866 erat
1147 2816 1244 2880 nutes,

192 2892 691 2966 vid.infin.edit.n0strae,VitaVirpil.
741 2914 821 2966 quem
832 2893 1130 2966 supramemoravitlib.
1139 2895 1171 2959 V,
1180 2893 1241 2963 371.

193 2978 242 3030 tub
250 2976 302 3028 hoc
311 2993 390 3027 anno.
398 2975 494 3026 Merito
502 2973 612 3026 hoctnae
620 2977 694 3046 genti
741 2974 917 3028 Adumbravit
930 2975 1029 3026 'antem
1055 2973 1244 3049 Periphantera

193 3055 314 3120 dabitur,
326 3068 356 3106 ut
366 3053 499 3106 oriundus.
506 3073 536 3105 ex
546 3073 578 3106 ea
587 3055 693 3126 Augus·
741 3055 817 3108 lliad.
829 3077 856 3124 p,
871 3053 923 3108 323
936 3071 975 3124 sq.
990 3052 1055 3124 (non
1065 3053 1154 3104 lacum
1164 3053 1240 3104 lliad.

192 3150 236 3188 tus
249 3139 339 3188 omnia
350 3134 422 3187 bella
435 3135 517 3186 liniat.
529 3145 607 3207 pente
618 3134 694 3186 Assa-
742 3154 778 3196 π,
792 3134 843 3206 7¹⁵
860 3133 924 3206 sq.)t
942 3134 984 3184 An
1000 3151 1064 3184 vero
1081 3133 1162 3183 etiam*
1174 3130 1244 3182 illud

191 3216 249 3266 raci
261 3215 296 3266 ad
308 3214 478 3284 splendorem
492 3215 620 3266 orationis
633 3234 695 3285 per·
743 3232 775 3266 ex
785 3216 841 3266 vita
849 3213 961 3265 heroum
973 3213 1007 3262 sit
1017 3207 1151 3281 :fidusque
1162 3208 1198 3258 ad
1207 3207 1243 3259 li·

191 3297 276 3352 tinet:
294 3306 324 3344 ut
342 3313 401 3364 sup.
422 3294 458 3345 ad
467 3294 563 3366 Geor-g.
579 3296 632 3360 lll,
649 3296 692 3348 35.
742 3294 817 3344 mina
828 3301 924 3355 custos,
937 3302 967 3340 ut
978 3288 1100 3360 armigeri
1114 3283 1243 3355 (neptia-at·

192 3373 250 3426 AEn.
267 3375 295 3432 1,
319 3373 377 3439 184.
399 3370 467 3422 bellu
482 3373 544 3443 fato
566 3385 693 3438 ventum
741 3373 789 3442 rec)
798 3370 878 3424 iidem
890 3381 916 3420 et
926 3367 1052 3420 satellites
1064 3367 1126 3430 sint,
1134 3365 1240 3424 dubito.

191 3453 265 3505 bona
281 3452 484 3517 determinatio,
502 3455 623 3523 inprimis
639 3473 694 3506 res·
740 3449 797 3500 Nee
809 3448 916 3498 memini
928 3445 1013 3497 simile
1025 3444 1103 3514 quid,
1113 3457 1142 3495 nt
1153 3444 1242 3498 harui-

190 3545 272 3606 pectu
287 3531 419 3583 bellorum
435 3532 564 3598 civilium,
581 3532 613 3584 de
631 3535 692 3604 qui-
739 3529 789 3580 bns
802 3529 856 3578 siut
864 3524 987 3578 custodes
1001 3523 1105 3580 domus.
1115 3525 1185 3604 'Sunt
1198 3528 1242 3578 θι-
1342 3581 1343 3596 ἦ

190 3613 241 3666 bus
254 3613 366 3664 maxime
377 3611 547 3680 accipiendus
559 3611 643 3663 loeus.
656 3641 691 3652 -
739 3603 861 3676 pieton,
874 3601 975 3673 xipvttt,
988 3605 1082 3670 441611,
1096 3605 1241 3671 ἀμφίπολοι,
1342 3609 1343 3612 ’

190 3692 250 3760 644.
268 3693 325 3744 Nec
343 3701 366 3741 te
384 3691 461 3760 stoja
482 3694 569 3762 capit;
588 3693 689 3760 majore
738 3687 784 3757 qni
803 3684 932 3740 familiam
952 3683 1046 3735 domus
1066 3686 1237 3740 cenaticaant.

189 3773 286 3826 virtute
299 3781 408 3821 ornatus
426 3787 506 3839 quam
522 3787 571 3842 pro
584 3782 638 3820 tam
650 3781 690 3822 te-
738 3793 773 3807 -
785 3763 847 3817 651.
864 3765 936 3815 Buta
948 3763 1041 3816 similis
1055 3765 1239 3831 austacenis,

189 3851 287 3908 auibus
298 3850 392 3916 rebus,
400 3848 434 3900 ad
444 3867 509 3919 quas
517 3868 588 3900 nunc
596 3851 689 3918 Troja-
738 3859 764 3899 et
776 3848 870 3915 armis,
885 3865 947 3917 qne
955 3846 1001 3898 ille
1011 3845 1147 3918 gestabam
1161 3861 1238 3896 arma

189 3935 218 3984 ni
229 3931 329 3984 redacti
341 3941 409 3982 suut.
430 3931 526 3999 Capere
539 3946 593 3979 non
605 3930 690 3979 inire-
737 3927 949 3992 soeuasonoribuu
957 3924 1014 3978 lte.
1024 3941 1129 3990 sonore,
1137 3937 1238 3976 saeveet

187 4023 274 4084 quens
285 4011 337 4065 hoe
349 4028 409 4064 usu.
423 4008 528 4064 Laudat
543 4009 687 4062 Burmann.
737 4006 891 4064 terribiliter
898 4007 1171 4062 omnesomnes.
1177 4002 1233 4057 vid.
