2724 4600
218 275 278 326 500
459 249 494 310 P.
518 243 1000 314 v1RG1L11MARONIS

214 375 352 454 Allecto,
366 370 490 436 medias
504 369 622 432 Italum
633 366 789 433 bacchata
800 389 860 454 per
871 368 971 432 urbis.

213 479 266 542 Nil
277 499 378 565 super
388 475 526 562 imperio
539 494 690 550 moveor;
704 470 906 559 speravimus
919 473 993 552 ista,

213 585 301 647 Dum
314 582 445 662 fortuna
458 579 519 642 luit
531 600 538 638 :
552 577 698 653 vincant,
713 597 795 663 quos
807 575 938 640 vincere
951 577 1062 642 mavis.

213 687 246 754 Si
257 686 347 750 nulla
360 699 408 748 cst
420 683 524 770 regio,
538 681 675 745 Teucris
688 701 787 769 quam
800 679 856 743 det
868 695 924 744 tua
935 682 1077 771 conjunx
1132 697 1134 702 '

214 795 317 870 Dura,
332 813 391 878 per
404 809 539 866 eversae,
554 786 695 873 genitor,
710 785 868 848 fumantia
880 786 989 874 Trojae
1059 812 1061 817 ’

214 896 348 963 Excidia
359 894 520 972 obtestor;
533 891 628 956 liceat
641 888 805 955 dimittere
817 889 858 953 ab
870 891 968 954 armis

214 1000 419 1067 Incolumem
431 996 619 1074 Ascanium,
634 995 730 1059 liceat
742 1016 912 1081 superesse
925 1010 1090 1082 nepotem.

214 1111 330 1172 AEneas
343 1126 420 1169 sane
432 1102 551 1189 ignotis
559 1099 701 1189 jactetur
713 1101 746 1162 in
760 1098 873 1179 undis;
1120 1084 1121 1088 ¹

213 1217 269 1294 Et,
284 1232 526 1304 quamcumque
538 1209 624 1271 viam
637 1206 765 1272 dederit
777 1211 935 1288 Fortuna,
948 1224 1120 1296 sequatur:

214 1323 312 1384 Hunc
324 1335 448 1404 tegere,
464 1329 496 1376 et
506 1311 587 1376 dirae
600 1313 725 1376 valeam
737 1311 923 1378 subducere,
933 1336 1061 1402 pugnae.
1222 1333 1252 1378 50

244 1469 282 1525 41.
298 1465 387 1512 Allecto
404 1480 426 1510 v.
445 1463 475 1508 ael
491 1463 546 1518 Vll,
561 1461 613 1517 324.
634 1463 714 1507 iterum
726 1461 802 1508 bacch.
819 1463 919 1510 Gothan.
932 1476 985 1512 tert.
1002 1489 1034 1499 -
1050 1465 1087 1522 lta.
1100 1468 1196 1528 imperiis
1214 1484 1252 1529 pr.

212 1539 338 1601 llamburg.
357 1537 473 1598 imperium
491 1535 567 1596 Sprot.
587 1533 648 1578 conf.
665 1534 754 1579 Statll
771 1533 845 1580 Theb.
859 1535 911 1596 339.
928 1540 1081 1599 superavimus
1098 1536 1186 1599 legerat
1202 1538 1253 1584 Jul.

213 1611 265 1657 sal).
283 1634 316 1646 -
331 1605 370 1663 43.
389 1607 494 1652 Servium
512 1605 656 1650 distinxisse:
668 1607 819 1666 speravimus,
834 1608 877 1650 ista
892 1607 954 1651 Dum
965 1607 987 1670 f.
1000 1607 1023 1670 f.
1042 1619 1108 1670 putat
1126 1609 1254 1654 Burmann.

180 1731 184 1738 ι
212 1703 244 1719 «-
261 1679 299 1737 44.
317 1680 356 1724 dat
374 1678 421 1723 duo
438 1678 564 1721 Burmann.
577 1674 656 1731 -45,
676 1677 731 1721 Post
748 1677 806 1721 dura
823 1678 1036 1741 interpungendum
1054 1691 1132 1726 monet
1151 1681 1256 1726 Servius.

211 1753 343 1796 iunxerunt
361 1750 439 1809 itaque
458 1745 497 1791 alii
516 1746 582 1790 Duru
595 1745 689 1790 excidiis.
709 1745 754 1790 Sed
770 1746 836 1790 Dura
848 1747 915 1792 Iuno.
929 1746 960 1791 cf.
972 1747 1014 1792 inf.
1028 1763 1065 1810 72.
1075 1773 1106 1784 —
1116 1747 1154 1804 46.
1172 1749 1256 1793 demit-

214 1831 259 1866 tere
284 1817 373 1881 aliquot
397 1819 521 1861 Burmann.
542 1813 608 1860 liceat
626 1829 741 1877 superesse
761 1824 873 1878 nepotem,
895 1815 1031 1862 Incolumem
1049 1819 1171 1862 Ascanium
1189 1816 1258 1863 liceat

214 1889 326 1936 discedere
339 1885 367 1930 ab
377 1888 447 1931 armis
458 1884 527 1929 Goth.
540 1896 592 1930 tert.
606 1911 638 1920 -
650 1882 689 1946 47.
702 1888 777 1948 nepoti
787 1888 848 1947 conj.
861 1885 981 1941 Heinsius;
996 1885 1037 1931 sed
1053 1886 1113 1932 bene
1125 1889 1175 1948 ipse
1187 1885 1257 1932 dam-

123 1991 128 2001 .
213 1970 261 2004 nat.
272 1982 304 1993 -
315 1955 353 2012 48.
366 1970 421 2000 sane
431 1969 523 2016 semper
534 1953 592 1999 mibi
604 1953 724 2016 displicuit
737 1971 742 2000 :
757 1957 799 2000 etsi
811 1970 859 2007 non
870 1957 952 2018 ignoro
964 1955 1059 2001 defendi
1070 1971 1149 2018 posse,
1162 1972 1207 2002 nec
1219 1969 1257 2002 ta-

212 2044 267 2075 men
277 2039 303 2073 ut
311 2041 402 2072 sensum
412 2024 508 2080 habeat,
521 2040 591 2089 quern
600 2023 670 2086 vulgo
680 2025 798 2081 tribuunt,
810 2037 837 2072 ut
846 2029 887 2082 sit,
902 2025 969 2072 valde
979 2041 985 2070 ι
997 2040 1040 2073 nec
1050 2038 1076 2071 ut
1085 2041 1136 2072 cunr
1146 2027 1255 2072 irrisione

211 2100 274 2145 dicta
285 2101 368 2144 innuat
378 2112 383 2142 z
398 2111 448 2141 eam
461 2099 524 2142 enim
535 2099 610 2142 inesse
618 2111 667 2141 non
676 2096 759 2150 vide03
773 2095 815 2142 sed
826 2109 852 2142 ut
861 2095 1010 2159 simpliciter,
1022 2095 1102 2142 saltem
1111 2113 1164 2142 curn
1174 2113 1253 2143 amaro

211 2169 305 2224 dolore,
323 2165 465 2213 concedatur
476 2166 586 2222 alterurn,
605 2165 679 2212 altero
690 2179 783 2212 sumto:
801 2163 840 2220 li,
854 2162 878 2214 li
889 2163 925 2229 fiet.
939 2167 1054 2213 Habemus
1064 2183 1120 2212 vero
1130 2167 1255 2213 meliorem

134 2271 137 2281 .
211 2239 336 2286 lectionem
348 2238 445 2282 Romani
457 2237 617 2292 vetustissimi,
637 2248 660 2283 et
670 2235 765 2282 alterius
783 2239 898 2294 Pieriam,
917 2253 970 2282 cum
988 2239 1064 2300 sprot.
1083 2251 1106 2284 et
1119 2238 1193 2298 Goth.
1205 2254 1253 2285 sec.

212 2309 295 2352 AEneas
305 2304 386 2368 procul
397 2308 409 2350 i.
422 2306 471 2350 Hoc
483 2305 618 2367 amplector.
631 2308 703 2351 Porro
716 2309 739 2351 t'n
749 2309 794 2352 orr's
805 2306 895 2369 aliquot
903 2307 978 2364 Pien,
990 2320 1038 2352 tum
1049 2308 1109 2353 Gud.
1120 2307 1254 2354 alterMen-

212 2378 252 2425 tel.
269 2376 320 2422 bini
331 2375 371 2422 alii
387 2388 410 2422 et
421 2376 463 2421 Ed.
479 2392 516 2437 pr.
533 2378 611 2422 Burm.
623 2390 676 2422 cum
693 2363 762 2423 Goth.
779 2389 832 2422 tert.
849 2376 916 2424 boris.
933 2379 997 2425 Bona
1014 2382 1128 2426 sententia
1145 2392 1257 2441 respectu

210 2451 287 2494 AEneae
297 2445 361 2509 apud
369 2447 476 2492 Etruscos
489 2447 594 2509 degentis
605 2450 704 2494 :AEneas
712 2447 793 2512 procul
801 2452 879 2512 ipnotis
885 2453 986 2512 jactetur
994 2453 1017 2494 in
1025 2454 1082 2504 oris,·
1092 2450 1218 2505 rhetorice,
1228 2463 1258 2496 ut

212 2519 257 2566 alia
273 2521 298 2563 in
309 2517 353 2562 hac
366 2517 465 2563 Veneris
482 2519 599 2574 oratione,
618 2529 766 2580 exaggerata;
785 2530 808 2564 et
822 2519 882 2565 forte
896 2521 968 2565 ιιηᾰαε
982 2519 1079 2566 adduxit
1091 2537 1135 2566 vox
1141 2524 1255 2583 jactatam,

211 2591 322 2654 ‹guoniam
332 2590 391 2633 mart
401 2599 424 2634 et
433 2587 589 2652 undtsjactari
599 2589 705 2636 sollenne
716 2602 757 2636 est.
767 2591 864 2650 Recepit
873 2605 968 2652 quoque
978 2591 1037 2637 hanc
1047 2607 1075 2637 ex
1084 2591 1172 2653 duplici
1182 2590 1254 2636 codd.

212 2669 273 2716 secta
285 2659 416 2706 conlectam
427 2657 553 2706 lectionem
565 2660 666 2706 Brunch.
679 2660 738 2706 Mihi
750 2662 774 2706 in
788 2661 816 2704 iis
828 2658 898 2716 locis,
912 2655 1034 2722 inquibus
1048 2661 1127 2722 plures
1137 2672 1191 2706 sunt
1201 2659 1254 2706 lec-

211 2733 299 2784 tiones,
309 2743 348 2773 sua
359 2743 457 2791 quaque
468 2729 576 2774 codicum
585 2731 723 2775 auctoritate
733 2741 756 2775 et
766 2728 884 2791 probabili
895 2733 1010 2776 sententia
1019 2745 1042 2776 se
1053 2729 1254 2786 conmendantes,

211 2797 272 2844 nihil
281 2813 367 2843 novare
378 2799 530 2843 constitutum
541 2810 576 2843 est
588 2813 593 2842 ε
606 2813 636 2844 ne
646 2798 717 2844 lectio
728 2815 772 2860 per
781 2797 897 2844 editorum
907 2798 997 2844 diversa
1007 2801 1032 2843 in
1043 2798 1176 2844 innovando
1186 2797 1253 2860 judi-

211 2872 247 2916 cia
258 2885 302 2932 per
311 2883 391 2914 omnes
402 2868 516 2916 editiones
527 2867 624 2914 fluctuet
636 2885 642 2914 ι
654 2871 697 2915 etsi
709 2869 846 2932 elegantiam
855 2869 950 2916 alterius
962 2869 1067 2920 lectionis
1078 2870 1139 2915 hene
1148 2871 1253 2914 sentiam.

212 2941 275 2987 conl.
286 2941 340 2984 Not.
352 2963 383 2974 ·-
394 2937 432 2999 49.
444 2954 578 3002 quacunque
590 2955 626 3002 pr.
639 2941 721 2986 Hamb.
733 2967 765 2977 —
779 2942 816 2988 50.
829 2943 897 2986 Nunc
911 2941 997 2988 Lubec.
1012 2957 1049 3002 ap.
1062 2942 1199 2996 Burmann,
1211 2942 1253 3002 qui

211 3093 245 3107 ι-
255 3064 297 3130 dt.
309 3061 431 3114 bacchata
437 3081 486 3133 per
496 3083 522 3114 u.
532 3056 628 3134 vagata
637 3085 643 3115 ε
653 3065 709 3132 Vll,
789 3065 832 3132 48.
843 3065 877 3115 In
887 3066 970 3117 undis.
984 3065 1046 3115 Erat
1057 3065 1165 3114 nuncin
1178 3082 1210 3114 eo
1223 3076 1254 3116 ut

178 3143 260 3210 ·’34α
280 3161 337 3212 sqq.
355 3143 436 3194 Aliud
453 3156 492 3194 est
509 3141 582 3213 quod
600 3145 710 3197 Lavinia
753 3143 852 3196 rediret
871 3163 902 3195 ex
915 3145 1032 3206 Etruria,
1048 3141 1136 3192 Tiberi
1155 3140 1253 3194 devec-
1265 3138 1271 3158 '¹

212 3240 272 3272 cum
293 3222 421 3271 matronis
442 3219 589 3272 bacchatur
609 3221 709 3274 ibidem
754 3237 804 3274 tus.
825 3223 882 3272 Hoc
898 3237 985 3272 tamen
997 3220 1093 3289 respici
1107 3236 1160 3270 non
1172 3233 1250 3290 puto.

212 3297 264 3367 376
280 3315 338 3366 sqq.
353 3327 389 3336 -
403 3297 445 3362 42.
457 3318 539 3371 ¹super
555 3299 680 3370 imperio.-
694 3318 709 3350 a
753 3299 817 3363 Sed,
829 3299 891 3350 sede
901 3301 928 3348 in
937 3296 1014 3348 ltalia
1027 3309 1136 3367 negata,
1153 3299 1252 3354 iterum

211 3377 276 3426 Jove
288 3376 418 3444 promisso
432 3393 490 3446 sup.
503 3380 515 3427 l
523 3413 531 3441 ,
548 3376 596 3446 ²⁵7
610 3395 668 3447 sqq.
682 3389 710 3428 et
754 3373 957 3428 conscendenda
966 3373 1060 3426 fuisset
1069 3376 1155 3428 AEneae
1165 3382 1252 3448 navis,

210 3454 327 3522 Disquis.
346 3453 384 3516 Il,
404 3471 425 3503 s.
444 3456 488 3505 vt.
505 3457 560 3504 Vll.
574 3485 607 3496 -
619 3455 660 3522 44.
680 3455 710 3506 Si
753 3466 779 3505 et
789 3451 930 3506 errandum
937 3471 985 3523 per
994 3455 1113 3525 ignotum
1123 3459 1251 3510 marcel.

210 3528 302 3590 nullm
314 3542 344 3579 ut
357 3531 383 3594 l',
397 3531 447 3596 234
461 3533 564 3601 quibus.
578 3561 612 3571 —
626 3534 709 3583 Cunc-
757 3534 818 3582 Var.
842 3531 980 3584 Lectiones
1001 3534 1031 3584 ln
1049 3553 1076 3586 v.
1094 3536 1128 3603 49
1142 3555 1251 3608 compa-

212 3620 252 3659 tus
264 3607 296 3659 ob
313 3606 420 3658 Italiam
436 3616 562 3662 terrarum
575 3609 710 3660 clauditur
752 3623 812 3662 rant
828 3611 985 3682 interpretes
999 3631 1090 3666 versus
1107 3614 1139 3667 de
1158 3615 1251 3687 Sarpe·
1301 3622 1306 3626 ’

211 3685 285 3738 ortis.
299 3713 332 3724 -
344 3685 386 3752 47.
397 3686 579 3753 Ascanium...,
593 3688 649 3738 scil.
662 3687 707 3739 cui
751 3689 821 3742 done
841 3689 916 3742 Iliad.
934 3712 968 3754 rr,
991 3693 1050 3759 436.
1067 3695 1126 3764 437.
1144 3695 1204 3760 438.
1215 3725 1250 3736 -

210 3782 319 3836 regnum
337 3763 421 3814 Italioe
438 3767 610 3838 Romanaque
628 3765 705 3818 tellus
751 3768 792 3824 So.
806 3772 949 3824 Ascanium
959 3773 1053 3827 saltem
1062 3774 1139 3826 liceat
1150 3784 1233 3847 tegere
1239 3815 1248 3842 ,

211 3844 347 3904 debentnr3
361 3842 407 3894 lib.
426 3845 476 3904 lV,
495 3845 561 3916 275,
579 3857 605 3897 et
621 3865 637 3898 a
651 3863 704 3916 quo
749 3849 1246 3922 subduceredulpsrr,rin·uqipnr,lliad.

212 3922 357 3996 genslulia
370 3921 490 3975 oriunda.
606 3931 612 3956 '·
699 3947 702 3954 ¹
750 3928 954 3991 i,'163.·,318.
