2736 4598
474 267 827 332 anomacus.
1117 295 1171 360 rw

123 391 259 444 aiebant»
283 390 421 462 ingeniose
446 388 562 458 quidem.
586 388 629 440 Ad
644 389 755 442 verbum
774 402 864 442 tamen
884 393 1011 444 esset:0
1034 391 1131 464 Cinyra
1152 408 1178 445 et

123 472 252 544 Cupavo,
263 489 370 522 carmen
383 481 494 524 vestrum
504 479 561 519 erat
570 487 645 520 amor
652 479 679 520 et
690 469 789 541 insipere
792 469 889 540 formoe
896 481 1021 542 paterne.
1032 472 1177 544 Argumen-

123 565 181 602 tum
194 551 264 604 adeo
277 564 372 604 cantus
385 550 475 602 bellici
488 561 544 602 erat
556 551 588 600 iis
607 551 694 619 patris
704 568 780 601 amor
796 553 823 600 in
844 570 972 622 puerum,
986 565 1012 603 et
1024 554 1135 604 mutatio
1148 554 1176 602 in

124 630 229 682 olorem
240 650 273 683 ex
285 631 367 702 longo
377 629 451 682 luctu
464 631 491 679 in
502 631 581 701 pueri
591 641 692 691 morte3
703 641 886 700 argumentum
900 633 998 702 agmini
1006 630 1114 685 militari
1120 649 1175 682 uon

121 710 203 771 ¹valde
215 724 434 764 consentaneum.
447 709 628 780 Expectabam
637 710 710 762 facta
720 722 827 780 patrum
839 722 866 762 et
877 710 982 764 laudes«
1000 748 1003 761 r

410 990 886 1082 EXCURSUSIL

473 1184 528 1248 De
541 1182 697 1274 Amyclis
712 1189 830 1250 metim·

159 1346 219 1398 Lib.
233 1346 271 1410 X,
290 1343 342 1412 554
362 1345 446 1397 tacitis
464 1345 585 1417 repnacit
599 1345 725 1416 Amyclis.
743 1345 797 1398 Cur
814 1347 904 1400 tacitas
922 1347 1046 1419 Amyclas
1062 1349 1173 1418 dixerit,

128 1429 206 1480 varia
217 1439 368 1478 commenta
380 1427 460 1478 affert
472 1425 594 1492 Servius,
606 1428 649 1477 vix
662 1425 743 1498 digna
756 1445 813 1498 quae
826 1441 988 1500 repetantur.
1003 1431 1067 1496 Quae
1079 1431 1176 1502 proba·

125 1507 216 1559 biliter
230 1506 284 1558 dici
296 1508 417 1578 possint,
428 1505 485 1558 haec
498 1524 556 1559 esse
569 1507 702 1558 arbitror:
715 1507 788 1560 Loca
803 1507 914 1560 Lucilii:
928 1509 1001 1560 Mihi
1010 1529 1108 1564 necesse
1119 1523 1158 1563 est
1164 1549 1173 1576 ,

127 1586 222 1658 loqui:
238 1605 300 1636 nam
313 1585 366 1638 scio
377 1585 501 1656 Amyclas
514 1587 621 1638 tacendo
631 1586 754 1656 periisse,
767 1587 824 1639 Silii
836 1589 911 1653 VIII,
925 1587 992 1656 529,
1007 1603 1033 1641 et
1049 1591 1170 1662 Pervigil.

124 1666 192 1718 Ven.
204 1667 254 1718 sub
265 1667 285 1717 f.
299 1666 363 1718 satis
371 1664 484 1732 docent,
495 1665 529 1717 ad
539 1665 612 1718 illam
623 1668 803 1718 narrationem
813 1679 922 1738 poetam
932 1669 1091 1738 respexisse,
1105 1688 1172 1739 qua,

126 1767 138 1790 α
151 1762 233 1814 quum
247 1746 402 1814 frequenter
418 1743 487 1795 falso
506 1746 693 1796 nuntiarentur
711 1744 815 1810 hostes,
836 1758 861 1798 et
878 1746 950 1798 inani
964 1743 1063 1799 terrore
1080 1749 1172 1800 civitas

127 1837 335 1894 «quassaretur,
348 1823 404 1874 lata
422 1823 481 1896 lege
494 1836 602 1875 cautum
614 1838 671 1876 est:
685 1843 718 1876 ne
731 1826 790 1895 quis
803 1844 921 1896 unquam
937 1826 1020 1876 hostis
1037 1829 1174 1881 nuntiaret

127 1927 139 1950 ι
150 1903 301 1957 adventum.
317 1905 414 1955 Postea
426 1923 509 1974 quum
521 1923 583 1956 vere
595 1904 679 1955 hostis
690 1907 806 1966 veniret,
822 1906 898 1958 nullo
910 1907 1065 1972 nuntiante,
1078 1925 1109 1958 ex
1121 1908 1171 1958 im-

126 1987 256 2054 «proviso
271 1986 363 2036 civitas
380 1996 460 2056 capta
473 1998 529 2036 est:
543 1984 615 2036 unde
634 1984 717 2036 tacitoe
734 1982 851 2054 Amycle
864 1985 939 2038 dictae
952 1999 1026 2051 sunt,
1040 1987 1112 2058 quod
1124 2005 1171 2056 pe-

125 2065 217 2117 oriere
229 2065 342 2118 silentio.
355 2089 365 2112 n
380 2067 461 2117 Recte
480 2064 538 2116 haec
560 2065 594 2116 ab
610 2065 712 2135 Aspro,
731 2083 792 2117 nam
809 2067 831 2119 is
848 2079 941 2118 auctor
958 2086 973 2119 a
988 2066 1059 2118 Iulio
1072 2066 1170 2118 Sabino

123 2143 264 2214 proditur,
283 2145 383 2198 tradita
401 2144 544 2211 videntur,
555 2145 602 2196 sed
614 2146 683 2198 falso
697 2145 732 2198 sd
746 2145 795 2198 has
808 2146 945 2198 Ausonum
961 2146 1083 2220 Amyclas
1095 2165 1173 2200 revo-

124 2234 200 2288 cata,
214 2243 271 2295 quae
286 2244 302 2276 a
314 2223 481 2296 serpentibus
492 2224 585 2276 deleta
597 2227 686 2286 fuere3
699 2244 724 2275 v.
738 2227 852 2278 Notam:
868 2243 949 2296 quum
961 2245 993 2278 ea
1002 2225 1037 2278 ad
1049 2226 1170 2298 Amyclas

121 2303 260 2368 Laconicae
270 2317 434 2376 spectarent,
448 2322 514 2374 quas
527 2323 542 2355 a
555 2305 730 2357 Doriensibus
745 2304 849 2358 deletas
861 2324 933 2370 esse,
945 2306 1081 2376 proditum
1092 2323 1170 2374 repe-

123 2383 214 2434 rimus.
223 2384 307 2450 Nam,
316 2385 502 2457 Peloponneso
512 2402 529 2435 a
537 2384 711 2436 Doriensibus
720 2397 745 2437 et
753 2385 900 2437 Heraclidis
913 2393 1057 2456 occupata,
1069 2383 1171 2456 oppida

123 2462 227 2533 aliquot
237 2465 375 2516 Laconicae
386 2463 577 2537 perducentes
591 2464 679 2518 adhuc
696 2484 780 2518 annos
797 2478 936 2518 tenuerant
948 2466 1050 2530 Achtei,
1064 2465 1168 2530 donec,

123 2541 217 2610 paullo
231 2556 292 2595 ante
302 2543 402 2596 bellum
412 2545 573 2596 Messenium
581 2546 711 2616 primum,
723 2547 791 2618 regis
801 2545 900 2598 Telecli
909 2544 1005 2610 ductu,
1015 2546 1168 2608 Dorienses,

124 2637 172 2671 seu
190 2621 397 2688 Lacedaemonii,
415 2640 446 2688 ea
459 2622 520 2674 loca
535 2637 686 2695 expugnata
701 2623 760 2674 solo
777 2635 922 2694 aequarunt.
940 2625 1012 2675 Inter
1024 2642 1082 2693 quae
1094 2625 1168 2675 fuere

121 2699 250 2771 Amyclae,
271 2719 328 2771 qna
346 2702 442 2754 acriter
458 2703 626 2767 restiterunt,
640 2721 688 2754 nec
701 2703 752 2754 nisi
768 2702 832 2754 belli
847 2702 1020 2754 diuturnitate
1034 2702 1127 2752 attritae
1139 2703 1167 2751 in

121 2777 251 2832 ditionem
270 2793 414 2834 cesserunt.
434 2783 577 2853 Tropaeurn
591 2781 624 2834 de
641 2784 673 2832 iis
685 2797 802 2834 erectum
820 2801 870 2853 pro
890 2793 1045 2854 argumento
1063 2782 1167 2832 virtutis

120 2879 228 2930 eorum,
248 2866 294 2932 qui
307 2863 370 2914 victi
386 2875 476 2927 erant,
495 2860 646 2914 habebatur
656 2885 661 2912 :
673 2864 786 2914 Pausau.
802 2865 852 2926 III,
871 2881 899 2927 a,
919 2882 945 2932 p.
966 2863 1015 2914 208
1031 2873 1057 2914 et
1073 2880 1095 2912 c.
1117 2878 1166 2934 12,

119 2957 146 3010 p.
159 2941 218 3010 237.
228 2942 341 3013 Amyclae
352 2960 448 2994 eversae
457 2943 509 2993 vici
519 2942 632 2992 formam
640 2961 689 3013 per
698 2942 779 2993 multa
790 2955 912 3012 tempora
920 2941 1082 3004 habuerunt,
1089 2940 1166 2992 clarae

119 3020 241 3090 inprimis
252 3019 295 3072 dei
306 3020 431 3092 Amyclaei
445 3021 543 3092 templo
555 3033 579 3072 et
592 3020 698 3073 throno.
709 3020 763 3072 vid.
777 3019 842 3072 ibid.
855 3022 904 3086 Ill,
922 3036 952 3088 ¹9
964 3030 991 3070 et
1006 3020 1051 3080 18,
1064 3019 1098 3069 de
1111 3020 1181 3090 quo'

120 3097 285 3170 disputatum
295 3112 335 3150 est
347 3119 363 3152 a
374 3099 452 3150 nobis
460 3101 486 3150 in
496 3099 637 3171 Antiquae
650 3098 782 3151 Attandl.
797 3102 816 3151 I
823 3099 911 3150 Stiiclr.
922 3100 961 3149 De
969 3099 1164 3167 expugnatione

120 3176 167 3229 illa
178 3178 347 3251 Amyclarum
357 3199 373 3231 a
384 3181 480 3250 priscis
492 3179 668 3250 scriptoribus
681 3178 759 3249 plura
769 3181 850 3230 fuisse
860 3190 981 3242 narrata,
994 3187 1051 3227 tum
1061 3195 1092 3228 ex
1099 3179 1167 3228 Pan-

121 3259 211 3323 sania,
222 3271 278 3308 tum
289 3277 321 3310 ex
331 3258 439 3310 Pindari
450 3258 516 3310 locis
526 3258 617 3310 Isthm.
627 3260 688 3325 VII,
705 3259 777 3310 18-
786 3274 828 3309 aa.
839 3256 912 3330 Pyth.
924 3259 948 3322 I,
963 3257 1024 3324 124,
1039 3255 1100 3323 125,
1116 3257 1165 3308 126

121 3353 196 3410 patet
208 3362 213 3389 ι
227 3339 298 3391 unde
305 3339 475 3411 intelligitur,
487 3341 569 3392 fuisse
580 3339 748 3411 AEgidarum,
760 3357 817 3409 quae
829 3338 929 3408 Sparte
938 3337 1023 3388 tribus
1036 3350 1091 3388 erat
1099 3337 1166 3389 The·

120 3419 162 3472 bis
175 3419 302 3484 oriunda,
314 3422 463 3492 praecipuas
475 3422 502 3472 in
515 3439 547 3472 eo
560 3420 631 3471 bello
644 3432 733 3490 partes
746 3419 920 3491 Amyclasque
937 3417 988 3470 illis
1005 3417 1165 3469 habitandas
1178 3475 1182 3483 ἱ

121 3519 179 3554 esse
199 3503 354 3573 assignatas.
375 3500 401 3551 Si
418 3514 535 3553 veterem
555 3513 791 3553 commentatorem
802 3501 831 3551 in
842 3500 915 3572 Pyth.
930 3502 967 3566 V,
982 3500 1017 3568 96
1032 3514 1058 3550 et
1077 3515 1122 3552 ror
1140 3513 1167 3548 et

121 3580 214 3632 Isthm.
230 3582 291 3646 VII,
307 3583 337 3633 18
352 3583 522 3652 integriorem
534 3581 708 3647 haberemus,
725 3581 803 3652 plura
816 3599 847 3632 ex
864 3579 971 3652 Ephoro
984 3593 1010 3632 et
1024 3579 1165 3630 Aristotele

122 3661 156 3714 de
177 3661 230 3714 hoc
248 3661 319 3713 bello
339 3674 497 3713 teneremus.
518 3662 542 3712 A
563 3661 692 3714 Strabone
714 3660 760 3713 lib.
781 3663 854 3727 VIII,
872 3681 899 3732 p.
919 3661 969 3713 560
984 3658 1012 3710 C.
1028 3660 1075 3711 561
1089 3660 1121 3710 It.
1135 3677 1165 3709 cx

121 3739 231 3811 Ephoro
243 3739 330 3810 (conf.
340 3742 440 3793 Meurs.
453 3741 528 3791 Misc.
546 3738 607 3791 Lac.
621 3743 666 3809 IV,
682 3741 729 3811 3),
741 3739 854 3812 Amycle
867 3739 901 3790 ab
915 3737 1063 3792 Heraclidis
1075 3737 1165 3788 Philo-

120 3836 217 3884 nomo,
238 3821 284 3889 qui
293 3819 510 3872 Lacedaemonem
526 3819 558 3868 iis
570 3820 741 3889 prodiderat,
754 3835 886 3871 concessae
899 3827 1053 3876 narrantum
1067 3817 1163 3866 sivero

122 3911 198 3966 tunt,
211 3918 269 3969 quse
282 3901 377 3951 Conon
394 3903 500 3952 Narrat.
514 3899 548 3950 36
561 3902 700 3970 apposuit,
718 3898 828 3951 adducti
839 3898 873 3950 ab
885 3916 917 3950 eo
930 3897 1018 3948 coloni
1033 3913 1064 3946 ex
1076 3894 1164 3946 Imbro

123 3989 149 4030 et
166 3977 266 4030 Lemno
286 3981 374 4048 luere,
394 3982 440 4050 qui
460 3980 538 4032 tertia
557 3978 619 4032 hinc
637 3993 726 4044 etate,
740 3979 870 4032 seditione
883 3977 1009 4030 adversus
1021 3975 1163 4024 Dorienses
