2736 4598
329 286 565 354 AENEIDOS
589 287 742 354 LIBER
765 291 828 356 XI.
1038 296 1099 364 205

55 409 255 491 Debentem,
269 433 355 476 vano
367 412 471 476 maesti
484 413 680 477 comitamur
691 412 828 478 honore.

55 518 186 598 Infelix,
201 519 270 583 nuti
283 518 383 598 funus
396 517 530 582 crudele
542 517 683 582 videbis!

56 623 101 685 Hi
114 625 217 688 nostri
230 624 371 703 redime,
386 625 629 713 exspectatique
643 623 821 711 triumphi?

56 731 135 794 Haec
147 753 221 794 mea
234 753 352 819 magna
364 729 467 794 fides?
478 746 511 794 at
524 753 606 810 non,
620 729 787 810 Evandre‚
800 729 965 818 pudendis
1071 749 1099 794 55

54 835 255 912 Vulneribus
268 837 403 924 pulsum
413 834 593 923 adspicies;
606 858 667 900 nec
681 837 804 923 sospite
817 836 926 901 dirum

56 941 193 1028 Optabis
205 959 284 1007 nato
296 944 396 1006 funus
408 958 502 1030 pater
513 965 520 1004 ε
533 940 590 1005 hei
601 940 699 1020 mihi,
713 959 873 1030 quantum

56 1046 249 1111 Praesidium
262 1047 419 1127 Ausonia,
434 1063 467 1112 et
480 1063 639 1136 quantum
652 1064 688 1110 tu
700 1046 826 1134 perdis,
841 1049 926 1114 lule!
939 1080 954 1110 n

99 1155 179 1219 Haec
191 1153 251 1217 ubi
263 1153 410 1232 deflevit,
424 1154 496 1217 tolli
508 1152 693 1218 miserabile
706 1175 825 1241 corpus

59 1261 215 1347 Imperat,
230 1276 263 1323 et
275 1275 345 1324 toto
357 1259 460 1324 lectos
474 1282 512 1323 ex
523 1259 654 1346 agmine
667 1259 766 1322 mittit

59 1365 147 1428 llille
160 1365 264 1444 viros,
278 1366 336 1454 qui
348 1387 540 1454 supremum
553 1365 752 1428 comitentur
763 1363 941 1449 honorem,

59 1470 281 1558 intersintque
293 1472 394 1558 patris
406 1471 563 1549 lacrimis3
576 1470 690 1534 solatia
701 1470 809 1536 luctus

58 1577 182 1663 Exigua
194 1576 350 1664 ingentis,
364 1577 485 1641 misero
497 1574 555 1641 sed
569 1575 679 1640 debita
692 1578 786 1664 patri.

59 1679 155 1744 Haud
167 1703 285 1770 segnes
297 1682 352 1745 alii
364 1683 460 1748 cratis
473 1699 506 1746 et
516 1680 617 1746 molle
629 1683 789 1747 feretrum

59 1785 210 1850 Arbuteis
223 1802 338 1850 texunt
349 1786 447 1874 virgis
461 1803 493 1851 et
504 1787 627 1850 vimine
640 1789 783 1876 querno',
1071 1811 1101 1858 σε

59 1955 121 2017 apud
135 1955 210 2010 Pien,
221 1956 283 2000 inter
295 1971 353 2017 quos
362 1956 428 2001 Rom.
441 1979 473 1990 -
484 1956 520 2001 52.
533 1957 666 2000 comitumue
676 1969 712 2016 pr.
725 1954 808 2001 Moret.
819 1957 954 2003 comitantur
964 1958 1012 2006 duo
1023 1963 1101 2012 Burm.

58 2041 110 2070 eum
123 2025 193 2070 Goth.
206 2037 273 2081 tert,
285 2028 374 2071 inscite.
390 2040 467 2072 amore
478 2025 576 2070 Oudart.
589 2024 617 2069 ab
629 2039 668 2070 ore
679 2041 691 2069 a
703 2040 739 2086 pr.
752 2039 783 2068 m.
794 2041 830 2086 pr.
848 2026 931 2072 Moret.
943 2053 974 2063 ·-
986 2029 1022 2075 53.
1028 2032 1107 2094 fimus

59 2099 106 2140 nati
118 2096 235 2141 Rufinian.
245 2095 274 2140 de
282 2096 373 2142 Schem.
383 2097 439 2142 Lex.
449 2094 532 2141 vulnus
543 2094 648 2141 Perrhae.
658 2119 690 2130 -
702 2093 738 2151 54.
751 2095 795 2140 Hic
804 2093 873 2140 Goth.
884 2111 920 2157 pr.
933 2105 1032 2161 exoptati
1038 2103 1104 2150 Rom.

60 2181 112 2210 cunr
124 2165 195 2210 ooth.
211 2180 258 2212 sec·
271 2179 294 2212 et
305 2168 397 2229 Menag.
410 2181 461 2229 pr.;
474 2163 593 2228 vulgatum
609 2165 730 2210 confirmat
741 2166 767 2209 P.
779 2166 905 2210 Burmann.
917 2169 967 2213 Sec.
981 2169 1104 2236 Antholog.
1181 2209 1183 2216 .

59 2236 108 2280 Lat.
124 2236 151 2279 Τ.
164 2235 189 2292 l,
205 2252 230 2298 p.
245 2235 295 2282 163.
308 2261 339 2272 -
351 2238 387 2282 55.
400 2237 457 2282 Hoec
473 2252 536 2282 moro
551 2251 586 2298 pr.
600 2235 684 2282 Moret.
696 2235 815 2297 pudendus
828 2237 909 2281 Franc.
921 2262 952 2272 —
965 2239 1001 2285 56.
1013 2257 1106 2303 passum

60 2304 123 2350 idern
136 2305 155 2350 1⁴⁸
155 2321 219 2350 rane.
233 2317 257 2351 et
265 2322 301 2368 pr.
309 2306 391 2352 llamb.
402 2305 534 2352 Wakefield
545 2306 649 2352 tentabat
653 2305 743 2369 fustem.
755 2321 801 2351 non
809 2307 869 2352 Ven.
878 2306 960 2353 neduo
969 2307 1016 2355 alii.
1024 2312 1107 2360 durum

60 2375 141 2422 itidem
158 2376 207 2422 duo
225 2393 278 2422 cum
295 2377 382 2423 Medic.
399 2379 478 2422 Pierii.
495 2377 543 2422 diro
554 2377 608 2422 Ere.
623 2377 702 2421 Burin.
714 2379 795 2438 sospite
806 2375 889 2421 volunt
900 2377 987 2424 dictum
1002 2396 1051 2428 esee
1062 2400 1106 2445 pro

60 2451 145 2510 sospiti.
156 2473 188 2484 -—
199 2449 235 2511 57.
247 2448 351 2494 Obstalrss
364 2450 430 2495 llorn.
437 2447 513 2511 funus
524 2457 577 2495 nato
591 2447 660 2493 Goth.
673 2459 726 2494 tert.
734 2440 794 2492 'Heu
809 2447 885 2492 multi.
897 2449 928 2494 ut
937 2449 984 2496 alii.
998 2453 1029 2498 Et
1040 2455 1105 2500 llom.

58 2543 90 2554 -
103 2518 140 2565 58.
152 2529 177 2564 et
186 2520 252 2566 abest
262 2520 300 2566 ed.
312 2537 348 2584 pr.
362 2523 440 2566 Burni.
454 2519 500 2566 luti
510 2522 575 2566 Rom.
587 2543 620 2555 ·-·
631 2521 670 2580 59.
684 2521 736 2564 Heu
748 2519 788 2565 ulrt'
797 2519 856 2566 alter
869 2521 951 2566 llamlr.
963 2523 1022 2569 dictu
1034 2526 1105 2586 defle·

60 2593 93 2635 vit
110 2592 177 2635 llum.
190 2615 222 2626 -
232 2591 270 2636 60.
287 2607 315 2637 ex
331 2593 407 2638 ordine
425 2594 490 2638 Rom.
507 2595 566 2637 mitti
583 2591 653 2636 Goth.
667 2603 733 2648 tert,
746 2591 812 2655 quod
821 2590 915 2653 placere
926 2605 1010 2655 potest.
1022 2621 1054 2632 —
1065 2595 1104 2642 61.

60 2665 198 2708 comitantur
208 2661 298 2726 aliquot
309 2665 441 2710 Burmmau.
453 2688 485 2700 ·-
496 2663 534 2709 65.
551 2663 659 2710 Arboret's
675 2664 735 2709 Ven.

61 2820 85 2853 v.
101 2801 167 2871 592,
184 2803 236 2873 593
244 2789 317 2870 'lyer
336 2825 364 2871 γι
380 2806 467 2862 torric.
481 2807 507 2856 ui
519 2802 562 2856 uti-
605 2805 671 2857 alias
679 2805 767 2876 friget.
780 2803 813 2854 Et
825 2805 958 2874 sequitur:
972 2805 1035 2854 Hoec
1045 2823 1104 2856 mea

61 2882 153 2944 «ουδ’,
168 2880 216 2948 lyei
228 2883 337 2940 θιοῖςὨς
351 2881 413 2937 altit
430 2885 503 2953 ἀρκεῖν
515 2882 560 2948 iiu’
606 2903 702 2957 maqnn
710 2881 832 2953 fideslAt
840 2902 892 2934 non
900 2882 1030 2954 pudendis
1041 2883 1106 2952 (sed

63 2957 181 3026 e’qrnt'mr
200 2960 234 3013 ἔτι
239 2983 249 3026 3
272 2981 362 3014 annon
385 2963 471 3028 vides,
493 2959 564 3013 niln'l
606 2964 739 3036 pulchris,
750 2976 776 3016 et
785 2963 917 3028 honestis,
928 2963 1039 3015 adverso
1049 2983 1106 3015 cor-

64 3059 106 3091 me
124 3041 215 3092 debere
232 3042 298 3107 diis,
320 3043 392 3115 quod
406 3042 512 3115 quidem
533 3042 565 3094 t't‘t
608 3062 686 3114 pore;
702 3045 737 3094 cl.
751 3041 826 3094 Iliad.
839 3063 863 3103 r,
877 3041 927 3094 288
944 3041 1020 3112 sqq.)
1041 3041 1108 3096 Vul-

61 3123 203 3191 proestem?
215 3122 300 3174 taline
318 3123 418 3174 scilicet
438 3141 484 3174 sua
504 3121 565 3173 det·
607 3119 842 3192 neribuspulsum;
853 3117 986 3184 πληγέντα,
997 3139 1107 3190 percus-

64 3201 247 3271 perate,nil1il
261 3200 563 3272 ampliutdebebatdiis
609 3219 674 3253 sum.
688 3197 777 3250 -56.
801 3198 945 3269 sospite-
961 3211 1024 3250 nato
1049 3200 1104 3252 scil.

65 3281 171 3348 euripos.
182 3281 225 3332 Sic
237 3282 362 3352 equidem
377 3280 437 3334 loca
450 3282 562 3351 occipio.
610 3298 670 3332 cum
688 3279 812 3342 infamia,
826 3277 897 3347 turpi
913 3278 977 3348 fuga
990 3297 1004 3328 e
1015 3298 1107 3351 pugna

64 3360 187 3430 Plerique
210 3362 239 3411 in
258 3361 369 3412 Marone
392 3379 425 3413 eo
446 3361 564 3413 referunt
608 3370 738 3412 servato:
759 3359 833 3427 cujus
855 3355 994 3408 dedecoris
1014 3357 1108 3412 dolore

67 3441 238 3504 sententiam,
259 3440 332 3510 quod
348 3438 435 3491 Pelles
446 3441 503 3509 jam
515 3438 564 3490 sub
609 3438 782 3493 exardescens
803 3449 880 3508 pater
903 3437 1034 3489 infaustus
1057 3441 1109 3494 sibi

66 3519 178 3571 deorum
188 3520 336 3570 inferorum
350 3531 510 3590 potestatem
521 3537 565 3570 ve·
609 3531 735 3582 mortem,
745 3518 832 3570 dirum
839 3515 941 3586 funus,
952 3531 1035 3588 optat.
1046 3520 1108 3572 Per·

67 3602 113 3651 nit.
129 3598 188 3651 Alia
196 3612 346 3652 commenta
353 3599 435 3651 Servii
444 3599 567 3652 aliorum·
610 3617 703 3670 peram
719 3596 802 3649 Servii
817 3596 937 3666 exemplo
951 3597 1039 3668 lntpp.
1052 3611 1107 3650 tre·

67 3699 118 3752 que
130 3684 219 3751 lntpp.
228 3693 349 3752 repetere
356 3679 394 3732 nil
401 3680 490 3731 refert.
500 3697 567 3731 vano
611 3676 715 3751 pidant.

66 3759 210 3825 haetenus,
224 3759 298 3830 quod
313 3779 346 3810 eo
359 3770 478 3809 mortuus
490 3761 517 3808 in
529 3758 569 3808 vi·
648 3759 689 3824 59.
703 3754 807 3827 deflevit
815 3793 824 3820 ,
836 3754 924 3806 flendo
936 3755 1013 3808 finem
1029 3758 1111 3825 fecit,

68 3852 121 3891 tarn
137 3857 193 3891 non
216 3851 365 3890 revocator.
386 3837 428 3888 Sic
448 3839 497 3901 vt,
517 3835 568 3888 886
612 3849 641 3888 ut
652 3831 827 3906 Canneg'ieter
841 3833 874 3885 ad
888 3835 983 3886 Avian.
999 3835 1054 3887 fab.
1068 3855 1109 3907 pr.

70 3920 149 3972 inane
160 3936 266 3970 muntts.
277 3947 311 3957 -
322 3917 364 3984 54.
382 3917 420 3968 Hi
436 3916 517 3968 nostri
529 3933 569 3967 re·
612 3914 739 3985 exemplis
753 3914 881 3966 illustrat:
893 3933 971 3986 quem
980 3915 1036 3984 jam
1048 3917 1111 3966 Bur-

69 3997 144 4052 dtur.
170 3997 270 4062 nostri,
293 4015 309 4049 a
328 3995 407 4048 nobis
429 3996 567 4068 promissi3
612 4012 682 4048 man.
697 3993 833 4048 laudavit:
851 4013 900 4050 nec
914 4006 1003 4047 temen
1014 3993 1109 4060 rideo,
