2724 4600
236 338 278 403 92

456 331 457 334 ’
483 315 517 380 Ρ.
540 314 773 379 VIRGILII
795 315 1027 385 MARONIS

235 437 267 494 in
283 437 385 496 navim
402 437 559 517 quandam
573 436 746 518 fugientem
761 438 950 521 insequitur,
967 439 1099 502 vinculis
1116 463 1134 501 a
1150 443 1276 504 Iunone

235 527 352 606 ruptis,
372 527 403 584 vi
417 528 609 607 tempestatis
625 525 663 584 ad
679 525 772 585 litora
787 527 894 588 Ardeae
908 530 1050 610 prordma
1065 528 1230 590 devehitur
1241 562 1277 578 -

233 615 301 674 688.
312 615 440 674 Interim
449 616 635 688 Mezentius,
644 615 731 674 Jovis
741 617 864 676 monitu
874 637 987 698 pugnae
997 617 1179 693 succedens,
1191 639 1277 698 mag-

233 723 308 761 num
329 715 393 764 tam
408 704 616 782 Trojanorum
630 723 725 784 quam
740 705 939 764 Etruscorum
957 727 1122 767 numerum
1140 720 1276 788 proster-

233 793 390 875 nit-761
405 815 411 852 :
426 793 526 853 donec
539 791 579 852 ab
591 795 685 852 AEnea
697 791 793 852 hastae
809 795 872 853 ictu
886 793 1082 870 vulneratus,
1101 809 1130 854 et
1144 816 1159 854 a
1173 797 1278 854 Lauso

232 877 300 938 tilio
313 895 486 959 protectus,
501 901 580 961 aegre
592 901 623 940 se
638 879 676 938 ad
692 879 893 961 obligandum
908 881 1021 942 vulnus
1035 904 1070 942 ex
1086 885 1151 942 acie
1166 883 1279 963 recipit

233 966 347 1048 —795.
365 967 411 1025 Ibi
429 969 544 1027 Lausus
561 987 701 1049 quoque,
720 966 795 1027 dum
810 982 930 1050 patrem
947 969 1052 1030 ulcisci
1070 982 1218 1042 conatur,
1237 968 1276 1026 ab

232 1053 326 1111 AEnea
344 1053 657 1115 interficitur-832:
676 1054 740 1136 ejus
758 1057 801 1115 rei
821 1059 933 1116 nuntio
948 1072 1092 1140 accepto,
1103 1057 1277 1116 Mezentius

233 1160 401 1201 conscenso
417 1163 497 1223 equo
513 1145 544 1202 in
558 1143 701 1225 praelium
714 1143 810 1205 redit:
824 1143 893 1218 ubi,
909 1143 985 1203 dum
998 1144 1055 1204 filii
1067 1157 1199 1205 mortem
1210 1145 1277 1204 viu-

232 1225 334 1289 dicare
347 1245 451 1312 parat,
464 1231 572 1291 eadem
587 1253 648 1314 qua
661 1231 744 1294 filius
756 1233 862 1294 dextra
875 1233 1013 1294 concidit
1026 1270 1064 1280 -
1078 1233 1229 1315 adfinem.

268 1385 298 1437 In
314 1385 366 1439 boc
378 1388 486 1440 tandem
502 1391 570 1442 libro
587 1392 682 1444 AEneas
696 1391 730 1444 ad

231 1483 349 1536 pugnam
358 1467 496 1537 procedit:
507 1469 580 1539 quod
592 1471 681 1522 inuitis
691 1472 729 1522 ui·

232 1548 282 1596 mis
301 1564 360 1598 sero
378 1551 477 1600 factum
496 1551 581 1603 visum
593 1564 648 1616 est,
662 1570 730 1622 quo·

233 1642 304 1676 nram
318 1645 348 1678 ex
361 1646 408 1679 sua
421 1629 560 1699 opinione,
576 1649 629 1683 non
642 1651 673 1684 ex
688 1651 731 1684 ar-

234 1708 352 1776 gumenti
364 1710 519 1760 et'materire
534 1722 643 1774 natura,
658 1711 731 1780 judi·
758 1734 760 1740 f

233 1785 303 1834 cium
319 1785 461 1838 faciebant.
479 1787 546 1838 Aliis
563 1788 730 1860 displicuisse

231 1863 323 1928 video,
337 1868 411 1936 quod
422 1871 518 1922 AEneas
528 1869 618 1922 militis
630 1873 729 1941 magis,

233 1961 312 2014 quam
332 1945 420 2014 ducis,
438 1961 528 2018 partes
547 1949 648 2019 explet,
666 1948 730 2000 dum

232 2038 348 2078 veterem
357 2026 468 2080 heroum
478 2029 617 2101 pugnandi
629 2047 730 2081 morem

232 2122 328 2174 parum
340 2110 497 2172 meminere,
510 2128 559 2160 nec
571 2107 637 2160 iilud
650 2127 731 2179 repu-

233 2195 305 2248 tant,
319 2204 397 2255 quam
407 2206 500 2257 parurn
514 2189 628 2240 materiae
637 2206 730 2240 narra-

232 2263 299 2312 tioni
311 2265 392 2333 epicae
402 2267 545 2335 praebitura
560 2268 592 2317 sit
604 2266 679 2318 ducis
690 2285 731 2318 sa-

231 2343 331 2412 gacitas
345 2356 371 2393 et
388 2345 542 2414 prudentia,
555 2347 625 2396 iutra
639 2349 729 2415 jussa,

232 2419 357 2474 mandata
366 2435 392 2473 et
399 2425 529 2493 imperata
541 2441 569 2474 se
581 2426 729 2490 continens,

231 2513 376 2570 prospectu
397 2521 428 2554 ex
451 2503 505 2554 alto
528 2522 559 2555 ac
582 2503 729 2575 IongInquo

232 2593 327 2650 capto;
340 2581 445 2651 qualern
455 2585 538 2635 nostri
551 2585 598 2635 aevi
611 2602 652 2635 res
663 2585 731 2636 mili·

232 2660 296 2711 taris
310 2661 435 2731 postulat.
453 2663 479 2714 Si
498 2663 729 2734 phantasmatibus

232 2741 351 2812 magnis,
363 2741 496 2813 rebusque
509 2761 566 2814 quae
577 2763 668 2796 sensus
682 2745 729 2795 im·

233 2819 352 2890 pellant,
380 2823 458 2892 epica
486 2824 524 2874 vis
557 2825 708 2875 continetur
720 2845 727 2886 ;

232 2910 341 2953 strenua
352 2902 487 2967 facinora,
502 2903 583 2954 animi
597 2902 728 2970 audacia,

230 2997 324 3033 manus
343 2982 473 3034 fortitudo
484 3001 522 3034 ·ac
538 2982 621 3034 robur
638 2985 728 3053 requi·

230 3071 333 3110 runtur.
341 3058 410 3114 Mihi
417 3060 522 3131 quidem
531 3063 558 3112 in
568 3079 643 3132 seqq.
652 3061 727 3114 libris

229 3135 303 3188 haud
314 3156 400 3208 pauca
416 3159 446 3192 ex
463 3143 509 3206 iis,
525 3158 582 3211 quae
596 3142 624 3192 in
636 3161 727 3213 repree

170 3242 173 3247 ·
229 3212 727 3286 hensionemincurrerevidentur,uon

232 3290 338 3364 quidem
351 3302 481 3365 novitate,
498 3313 613 3354 attamen
628 3320 728 3373 oppor-

231 3375 345 3426 tunitate
363 3389 389 3427 et
404 3381 531 3432 varietate
545 3398 608 3448 sua,
629 3381 727 3452 ingenii

229 3451 432 3508 admirationem
440 3459 528 3512 facere
537 3459 635 3512 solent:
646 3478 726 3530 quan·

230 3531 374 3601 doquidern
396 3553 579 3609 argumentum
603 3539 667 3591 hetti
694 3557 725 3589 ac

230 3611 395 3681 praeliorum,
408 3629 434 3665 et
446 3616 552 3686 quidem
563 3617 680 3687 ejusdem
689 3618 726 3667 vi·

230 3704 263 3741 tae
272 3689 398 3756 heroicae,
409 3694 559 3746 incredibili
572 3713 632 3747 cum
643 3696 727 3746 varie·

231 3781 284 3820 tate
303 3787 335 3820 ae
354 3771 432 3840 copia
452 3771 485 3822 ab
502 3774 617 3826 Homero
630 3785 727 3826 tracta·

230 3861 300 3912 tum,
313 3850 390 3900 Maro
409 3863 496 3902 tamen
512 3870 560 3922 per
576 3866 629 3905 tres
642 3853 725 3905 libros

228 3930 336 3981 variatis
348 3949 436 3981 rerum
447 3931 598 4004 generibus,
610 3953 659 3986 nec
671 3953 727 3985 om·

231 4011 294 4062 nino
300 4011 356 4062 sine
365 4011 489 4062 novitatis
495 4013 725 4068 commendatione

780 1391 905 1446 detexuit.
926 1393 1018 1446 Artem
1038 1405 1065 1445 et
1083 1393 1220 1464 ingenium
1233 1391 1279 1444 ali·

779 1472 838 1541 quis
857 1485 913 1523 turn
933 1472 1039 1524 demum
1052 1474 1101 1523 rite
1116 1473 1277 1542 perspiciat,

779 1566 861 1619 quum
879 1553 1027 1624 argumenti
1045 1563 1167 1602 naturam
1184 1548 1277 1620 paullo

779 1632 913 1682 curiosius
929 1633 1017 1682 animo
1034 1631 1190 1693 versaverit,
1208 1647 1278 1700 qute-

780 1726 831 1779 que
852 1711 909 1781 ipse
928 1711 1006 1762 aliter
1025 1710 1066 1763 vel
1086 1709 1179 1762 melius
1199 1711 1277 1760 ineo

779 1789 919 1842 tractando
940 1792 1066 1842 constitui
1083 1807 1161 1860 possa
1181 1801 1276 1859 putet,

760 1868 942 1939 ,expenderit
964 1871 1036 1921 Iuter
1057 1888 1103 1933 ea,
1122 1885 1180 1938 quae
1201 1869 1278 1939 inge·

779 1949 853 1998 quse
866 1959 892 1999 et
906 1947 1002 2000 callide
1014 1950 1122 2000 inventa
1133 1958 1208 2011 sunt,
1221 1948 1279 2018 pri-

778 2045 822 2078 mo
835 2028 896 2079 loco
907 2031 1004 2080 eminet
1013 2027 1078 2094 hoc,
1090 2027 1163 2098 quod
1174 2027 1279 2098 praeIio·

779 2124 836 2158 rum
843 2106 1279 2179 narratiovariataestperdIversa

778 2207 888 2260 genera;
898 2187 1026 2241 babemus
1032 2187 1083 2240 hoc
1092 2187 1161 2239 libro
1169 2189 1278 2239 navium

780 2268 936 2338 appulsum,
954 2267 1108 2319 descensum
1121 2268 1147 2318 iu
1161 2267 1239 2334 litus,
1251 2277 1279 2317 et

779 2345 929 2416 pedestrem
954 2365 1091 2418 pugnam,
1114 2347 1141 2397 in
1165 2345 1213 2397 Iib.
1241 2346 1278 2396 XI

779 2437 942 2493 equestrem,
952 2426 1039 2475 in-XlI
1051 2443 1167 2497 pugnam
1180 2424 1279 2475 tumuI'·

779 2505 908 2568 tuariam,
918 2515 973 2554 tum
984 2516 1119 2556 certamen
1133 2503 1276 2575 singulare.

778 2584 875 2648 Porro,
894 2601 927 2634 ne
949 2583 1053 2634 taedium
1073 2584 1173 2636 iaceret
1191 2584 1279 2634 couti·

777 2675 860 2715 nuata
877 2662 1029 2733 praeliorum
1047 2663 1180 2727 narratio,
1200 2663 1280 2715 inter·

778 2745 867 2811 posita
878 2754 939 2793 sunt
952 2741 1045 2812 plura,
1058 2743 1136 2793 etiam
1157 2740 1190 2793 de
1209 2759 1278 2811 pace

778 2822 905 2887 consilia,
929 2835 987 2873 tum
1007 2823 1158 2886 orationes,
1177 2838 1276 2893 magno

778 2921 838 2953 cum
851 2903 972 2954 acumine
984 2901 1075 2965 factae,
1088 2899 1236 2964 interdum,
1246 2912 1278 2951 ut

778 2981 902 3052 equidem
910 2980 1038 3046 censebo,
1046 2983 1129 3032 nimia
1139 2999 1199 3032 eum
1210 2993 1276 3032 arte.

776 3063 845 3114 Hinc
857 3061 930 3133 apud
941 3060 1061 3112 Macrob.
1071 3061 1115 3124 lV,
1126 3072 1180 3110 tam
1192 3059 1280 3112 multa

776 3142 811 3194 de
823 3141 955 3194 rhetorica
968 3140 1114 3211 virgiliana
1126 3157 1280 3190 memoran-

776 3235 827 3273 tur.
842 3221 967 3290 Tragicos
981 3230 1069 3269 tamen
1080 3229 1187 3280 noster,
1198 3217 1279 3269 Euri-

776 3299 865 3371 pidem
882 3296 1017 3367 inprimis,
1036 3307 1097 3346 ante
1114 3294 1207 3346 oculos
1226 3296 1280 3349 ha-

776 3379 849 3442 buit,-
861 3388 890 3426 ut
901 3377 958 3442 jam
969 3375 1060 3424 monui
1078 3372 1194 3444 DisquIs.
1209 3375 1236 3441 1,
1249 3375 1276 3428 S.

775 3457 833 3507 VIII
841 3473 867 3524 p.
875 3454 940 3520 XX,
949 3453 1024 3503 Tom.
1035 3453 1067 3503 11.
1079 3453 1150 3509 Inter
1160 3453 1221 3506 illas
1232 3475 1277 3507 ar·

775 3547 814 3586 tes
831 3545 856 3586 et
874 3535 981 3586 inventa
998 3545 1085 3605 poetae
1104 3529 1276 3590 referendum

775 3627 801 3666 et
812 3611 864 3664 hoc
876 3625 930 3676 est,
944 3611 1017 3682 quod
1032 3611 1085 3664 hoc
1103 3611 1173 3664 libro
1190 3613 1275 3666 Arca-

776 3693 837 3761 des,
849 3692 918 3744 libro
929 3694 966 3744 XI
978 3693 1095 3758 Etrusci,
1110 3704 1136 3745 et
1147 3693 1195 3743 XII
1208 3695 1277 3746 Tro·

774 3774 1120 3844 janimaximevirtutissuae
1129 3774 1275 3844 specimina

776 3854 873 3916 edunt;
887 3872 943 3925 quae
956 3865 981 3906 et
994 3855 1052 3924 ipsa
1064 3871 1105 3906 res
1116 3850 1151 3904 ad
1162 3854 1275 3905 varieta-

776 3935 965 3986 censariam
984 3936 1042 4004 ipsa
1064 3944 1151 3985 autem
1171 3950 1276 4004 pugna-

775 4005 1276 4080 rumcommemoratioue,difficultati·
