2690 4598
224 294 264 364 52
468 291 504 356 r.
527 285 759 353 vmeruu
782 287 1014 374 1111101115

221 418 382 502 Quaerunt
392 434 467 502 pars
479 390 619 490 aditum,
634 425 667 475 et
678 393 771 474 scnlis
783 408 985 475 adscendere
997 431 1125 492 muros,

221 524 295 604 Qua
307 543 378 584 rara
391 535 439 584 est
450 519 551 596 acies,
566 516 807 604 interlucetque
819 537 941 580 corona

220 631 297 694 Non
309 645 376 692 tam
388 627 491 715 spissa
502 625 589 690 viris.
603 624 762 688 Telorum
774 622 949 688 effundere
961 641 1076 688 contra

221 737 329 802 Omne
341 753 444 822 genus
456 731 590 809 Teucri,
603 752 641 795 ac
654 728 745 794 duris
758 728 935 795 detrudere
947 731 1066 810 contis,
1220 742 1262 788 ει.

220 839 358 904 Adsueti
370 839 470 926 longo
482 857 594 901 muros
607 833 789 899 defendere
800 833 906 900 bello:

219 945 300 1012 saxa
313 966 447 1034 quoque
459 942 579 1006 infesto
591 939 769 1006 volvebant
779 939 941 1029 pondere,
955 941 1060 1028 siqua

219 1053 357 1116 Possent
368 1065 488 1114 tectam
499 1048 604 1115 aciem
616 1069 846 1135 perrumpere3
860 1069 965 1136 quum
975 1061 1087 1110 tamen
1099 1045 1207 1110 omnis

220 1159 320 1220 Ferre
328 1155 422 1245 juvat
434 1153 548 1220 subter
559 1152 661 1218 densa
672 1151 839 1218 testudine
852 1174 954 1218 casus.

219 1264 289 1329 Nec
297 1261 365 1353 jam
378 1259 564 1326 sufficiunt:
577 1281 667 1338 nam,
682 1281 747 1346 qua
759 1256 875 1346 globus
888 1257 1027 1325 inminet
1038 1257 1170 1345 ingene,
1217 1269 1259 1315 515

219 1371 392 1434 Inmanem
403 1362 526 1436 Teucri
537 1363 661 1426 molem
671 1363 876 1450 volvuntque
888 1377 1070 1450 ruuntque,

219 1476 302 1557 Quae
314 1469 426 1536 stravit
437 1466 576 1533 Rutulos
587 1468 667 1547 late,
681 1489 914 1555 armorumque
926 1466 1061 1533 resolvit

218 1577 390 1668 Tegmina.
403 1576 473 1638 Nec
484 1589 600 1638 curant
612 1595 699 1637 caeco
711 1572 912 1639 contendere
924 1574 1030 1636 Marte

219 1684 370 1773 Amplius
381 1679 522 1746 audaces
533 1677 665 1760 Rutuli,
675 1677 734 1744 sed
745 1679 870 1768 pellere
882 1676 968 1742 vallo

220 1862 250 1894 ex
266 1864 289 1893 v.
307 1845 360 1906 5¹9·
371 1867 404 1880 ·-
413 1842 466 1905 507.
476 1842 552 1888 adime
563 1841 625 1888 Gud.
637 1857 728 1887 murum
738 1841 804 1889 Leid.
817 1854 841 1888 et
851 1842 936 1888 Mores.
948 1855 993 1888 tec.
1006 1864 1039 1877 -
1052 1822 1105 1902 509.
1120 1853 1200 1902 pressa
1210 1843 1263 1886 viris

218 1916 310 1978 llugen.
322 1938 354 1950 -
365 1915 417 1958 510.
429 1921 470 1957 out
480 1913 555 1973 bigot.
567 1927 620 1958 cum
632 1911 702 1958 Goth.
715 1923 768 1959 teet.
780 1912 859 1958 &udis
868 1913 963 1968 Fraus„
974 1910 1038 1957 unde
1049 1911 1128 1956 Burni.
1140 1914 1203 1974 conj.
1214 1927 1263 1956 cru·

200 1986 260 2031 'dis
274 1983 320 2030 Sed
330 1984 356 2029 in
367 1981 409 2029 illo
421 1980 502 2028 codiee
513 1997 609 2043 operam
617 1981 697 2039 ludat,
707 1985 749 2046 qui
761 1982 816 2028 talia
827 1985 932 2028 rimetru.
944 1983 1012 2028 duros
1023 1981 1082 2026 dixit
1093 1996 1137 2042 pro
1148 1980 1260 2038 robustis,

216 2057 332 2120 gravibus.
343 2079 375 2090 --
387 2054 439 2098 511.
448 2068 550 2116 setaque
558 2051 677 2100 volvebant
685 2053 765 2116 infisto
773 2070 796 2117 p.
809 2052 898 2099 Zulich.
911 2079 942 2090 -
952 2053 1005 2100 513.
1017 2054 1108 2099 Possint
1115 2050 1181 2098 Leid.
1191 2067 1260 2116 quum

215 2137 301 2173 nmen.
313 2121 452 2170 nariumula
464 2134 500 2168 eet
511 2122 541 2169 ad
552 2139 630 2170 meum
641 2139 734 2172 sensum
745 2124 795 2170 herc
804 2127 923 2187 junctura.
936 2125 966 2170 At
976 2123 1035 2180 illie,
1055 2125 1144 2186 inquit,
1160 2125 1202 2186 qui
1214 2135 1261 2168 tee-

217 2199 326 2245 tudinem
337 2205 421 2256 agunt,
432 2195 553 2240 decretum
565 2208 611 2252 est,
624 2209 726 2244 extreme
736 2198 845 2259 experiri.
858 2197 946 2244 Omissa
959 2207 1037 2242 autem
1052 2197 1078 2240 iu
1093 2210 1159 2259 seqq.
1172 2209 1261 2258 prono·
1332 2251 1333 2258 ἵ

216 2270 282 2314 mina
293 2266 473 2312 demonstrativa
485 2280 511 2310 ac
523 2263 632 2322 relativa,
646 2283 699 2329 quie
710 2267 816 2330 subjecta
826 2265 957 2323 declarent,
966 2265 1104 2314 brevitatem
1116 2281 1142 2311 ac
1153 2266 1202 2312 vim
1212 2279 1261 2309 nar
1332 2261 1333 2274 ¹

215 2337 303 2384 rationi
314 2335 411 2380 iaciunt.
424 2333 524 2380 Obvium
536 2347 583 2391 est,
594 2337 660 2398 quod
671 2349 694 2384 et
705 2339 742 2383 Jo.
755 2335 878 2383 Schrader.
890 2339 915 2383 in
926 2335 1017 2384 schedis
1028 2335 1090 2397 conj.
1104 2349 1175 2399 quem
1189 2343 1260 2380 umen

214 2422 294 2454 omnes
303 2407 449 2468 Ferrejuvat.
460 2429 493 2441 -
504 2404 557 2462 514.
569 2406 670 2469 Vulgata
680 2408 751 2455 lectio
763 2421 812 2456 erat
823 2407 882 2455 libet.
894 2408 964 2454 Multi
973 2420 1051 2454 umen
1060 2408 1140 2453 Heius.
1153 2422 1208 2452 cum
1218 2407 1259 2450 tri·

213 2476 262 2523 bus
272 2476 351 2521 llurm.
361 2477 436 2538 juvet.
449 2473 515 2520 Adde
526 2475 607 2538 fragm.
617 2477 692 2524 Vatic.
702 2477 817 2524 illudunt
827 2477 914 2525 Medic.
924 2493 938 2524 a
947 2493 978 2524 m.
988 2494 1024 2540 pr.
1035 2488 1059 2523 et
1070 2475 1146 2533 Gud,
1156 2477 1260 2538 quicum

215 2546 325 2610 Medioeo
336 2547 397 2592 Pier.
410 2543 497 2591 liabent
503 2545 583 2609 Jubat,
602 2548 713 2596 Priscian.
733 2561 757 2596 et
771 2551 893 2612 Augustiu.
906 2549 979 2614 jubet.
996 2548 1127 2596 Probamut
1136 2547 1201 2593 idem
1211 2547 1259 2591 Cu-

215 2617 352 2680 uingliam„
362 2618 403 2680 qui
414 2619 516 2678 recepit,
528 2631 551 2664 et
562 2621 599 2664 lo.
609 2619 744 2677 Sebridai
757 2623 838 2685 itaque
848 2621 953 2684 pretuli,
967 2636 1039 2684 qaum
1051 2621 1180 2666 orationem
1192 2617 1260 2663 iaciat

215 2691 294 2736 minus
305 2689 396 2735 duram.
410 2713 441 2724 -
456 2688 508 2735 515.
520 2690 561 2734 sed
570 2706 617 2754 qua
627 2691 689 2738 Gud.
701 2708 714 2738 a
726 2709 756 2738 m.
766 2708 812 2740 sec.
822 2710 867 2758 quo
876 2692 945 2739 Goth.
955 2708 1002 2740 see.
1015 2714 1047 2728 —·
1058 2690 1112 2737 516.
1122 2707 1146 2736 v.
1157 2688 1259 2735 trulum·

215 2777 261 2826 que
272 2764 357 2807 Donat.
370 2772 393 2806 et
405 2759 445 2805 alii
456 2761 548 2822 antiqui
559 2761 624 2822 apud
635 2763 677 2809 Ge.
694 2762 782 2811 Fabric.
802 2781 855 2810 eum
873 2764 970 2811 Mentel.
982 2780 1018 2826 pr.
1033 2780 1046 2809 a
1060 2779 1091 2808 m.
1104 2778 1150 2809 sec.
1162 2787 1195 2798 -
1207 2763 1257 2823 ⁵¹7·

214 2830 312 2880 Rutulos
323 2834 402 2878 stravit
412 2829 483 2893 vulgo
494 2844 548 2878 ante
560 2833 653 2890 Heius,
663 2837 739 2882 minus
748 2838 856 2883 suaviter.
868 2839 948 2882 saevit
959 2833 1003 2880 lete
1011 2833 1107 2880 nauus
1115 2832 1222 2880 Pur-elias.
1230 2857 1260 2870 ι·
1329 2853 1330 2858 ’

216 2906 270 2952 518.
282 2912 362 2950 curent
377 2902 444 2950 leid.
456 2917 481 2948 se
490 2904 585 2950 condere
600 2906 676 2970 Bigot.
689 2919 713 2954 et
724 2907 789 2956 Leid.
802 2925 816 2955 11
827 2925 858 2954 111.
870 2924 916 2956 sec.
933 2907 1050 2954 detrudere
1066 2907 1160 2968 Menag.
1176 2905 1217 2952 alt.
1229 2929 1259 2942 -·

215 3049 494 3118 exdlnerepraecepto
512 3050 609 3100 nonin
628 3050 713 3102 eciem
761 3063 788 3104 te
809 3069 900 3104 murus
922 3051 1038 3104 nudatus
1062 3062 1141 3115 erat,
1174 3046 1258 3100 scalas

213 3128 364 3198 procedunt
383 3127 486 3178 Rutulis
510 3127 711 3197 accedentibus,
760 3130 1019 3185 admoveretentent.
1027 3132 1116 3201 Rupta
1128 3148 1161 3181 ac
1172 3123 1259 3180 soluta
1327 3181 1328 3192 ,

214 3205 264 3257 sed
280 3217 371 3257 castra.
381 3217 407 3255 et
419 3217 486 3258 tutos
503 3225 603 3258 servare
619 3228 713 3282 aggere
760 3210 907 3276 testudine,
916 3229 941 3262 v.
953 3209 1104 3278 515-517
1114 3209 1258 3260 missilibus

213 3299 303 3334 muros
316 3281 504 3336 studentum
516 3298 617 3351 autem,
629 3305 712 3358 quan·
761 3309 775 3342 e
789 3289 935 3361 longinquo
950 3307 1039 3340 muros
1051 3288 1259 3360 propugnatori-

215 3377 273 3415 tum
285 3361 378 3426 video,
390 3381 423 3413 ex
432 3377 516 3433 poetae
525 3379 626 3430 mente,
638 3369 713 3420 fossa
759 3367 810 3419 bus
818 3367 929 3419 nudant.
939 3367 1059 3419 Tandem
1065 3385 1090 3417 v.
1102 3367 1150 3418 521
1166 3368 1195 3417 in
1204 3379 1259 3417 tur-

214 3441 297 3492 ducta
316 3457 377 3492 cum
395 3460 489 3512 aggere
510 3462 556 3498 seu
573 3445 660 3508 vallo;
680 3466 712 3500 ex
760 3449 810 3498 rim
819 3448 932 3517 impetus
942 3445 1059 3518 fit:igne
1068 3446 1203 3512 immisso,
1215 3461 1259 3496 ex·

214 3521 298 3574 humo
309 3533 428 3591 aggesta,
438 3522 513 3574 vallis
521 3542 567 3576 seu
577 3525 711 3594 stipitibus
759 3527 843 3596 pulsis
852 3526 1188 3596 Trojanisirruuntllutuli.
1195 3526 1259 3576 Ver·
1325 3549 1326 3552 ¹

213 3599 424 3673 praelixis3vallo
433 3602 572 3672 impositus
584 3616 641 3654 erat
655 3622 712 3655 mu·
759 3623 803 3656 sus
828 3605 876 3658 511
904 3607 1041 3677 ingenioso
1067 3617 1220 3656 commento
1242 3621 1258 3653 e

213 3679 404 3747 rus,turribus
413 3698 444 3731 ex
453 3683 595 3734 intervallis
606 3681 713 3736 distine·
760 3697 841 3754 poeta
868 3685 1015 3754 subjicitur.
1029 3682 1136 3736 -511,
1164 3682 1258 3753 infesto

214 3775 267 3814 tus.
289 3762 382 3830 ltaque
402 3764 564 3832 oppugnatio
582 3764 621 3814 ite
637 3765 712 3815 iusti-
757 3765 872 3834 pondere
889 3783 939 3838 pro
954 3766 1042 3837 gravi,
1055 3776 1081 3816 et
1093 3763 1128 3814 ob
1140 3765 1257 3835 gravite-

214 3843 313 3904 tuitur,
331 3850 362 3889 ut
381 3840 495 3908 primum
513 3840 558 3891 alii
578 3842 711 3895 testudine
759 3853 813 3894 tem
830 3845 949 3896 exitioso.
960 3841 1064 3896 -518.
1086 3859 1153 3894 coeco
1170 3843 1256 3892 Marte

209 3924 289 3975 'facte
308 3917 462 3983 succedere,
482 3921 580 3972 fossam
599 3922 710 3992 implere
759 3922 808 3973 sub
817 3923 964 3989 testudine,
976 3941 1057 3994 quam
1069 3922 1151 3973 modo
1166 3932 1254 3973 tectam

212 4020 249 4056 ac
256 3997 341 4058 vallos
349 3998 510 4056 convellere:
520 3999 641 4072 nunqua
648 4019 711 4073 pan-
758 4001 882 4058 suismet
898 4019 1033 4072 armorum
1051 4000 1255 4078 tegmiasdixs·
