2724 4600
363 285 599 353 AENE'IDOS
621 288 776 353 LIBER
798 289 837 354 X.

79 406 126 460 hus
144 406 309 480 implicitum
326 425 355 460 se
371 411 468 462 sentire
488 408 580 462 debuit

78 507 130 540 non
151 490 249 559 paucis
262 505 312 538 nec
324 487 443 556 levibus,
459 490 579 559 inprimis

80 569 163 638 quod,
185 585 298 638 quoquo
316 585 343 618 se
361 580 489 633 verteret,
506 569 534 617 in
548 587 580 620 ea

78 665 182 718 semper
190 646 343 712 incidebat,
353 664 411 716 quae
420 647 453 698 ab
464 649 579 698 Homero

8 773 9 792 ,
75 730 128 797 jam
140 740 220 780 erant
232 740 362 790 tractata;
381 727 437 779 haec
456 729 535 799 igitur
551 741 580 780 ut

8 837 9 848 ι
78 810 208 872 variaret,
217 820 347 870 mutaret,
358 807 411 859 alia
420 809 523 859 ratione
532 827 580 859 neo

8 937 9 946 ,
77 891 162 938 minus
177 886 320 938 commode
332 899 473 954 tractaret,
486 906 580 958 perpe-

77 965 580 1036 tuopoetaefuitallaborandum.Facit

8 1093 9 1096 ,
79 1041 164 1098 aute'm
178 1045 290 1096 taedium
302 1048 386 1096 serius
399 1064 478 1117 ocyus
494 1046 578 1096 omnis

8 1163 9 1174 t
77 1126 209 1190 imitatio,
224 1144 283 1196 quae
296 1145 357 1178 cum
370 1125 457 1178 studio
474 1145 504 1177 ac
517 1144 580 1177 con·

8 1207 13 1266 ³,
77 1207 197 1267 tentione¹
209 1205 332 1257 variandi
345 1224 391 1270 ea,
404 1224 461 1276 qute
473 1207 529 1274 jam
544 1204 578 1256 ab

78 1285 128 1336 alio
145 1283 258 1356 proprie
271 1287 390 1355 exposita
408 1297 497 1349 erant,
515 1302 579 1336 con-

76 1366 168 1432 juncta
185 1376 235 1415 est.
256 1363 344 1434 Atque
364 1363 417 1414 hoc
437 1362 504 1415 illud
525 1376 578 1429 est,

8 1455 9 1460 ’
79 1442 150 1513 quod
169 1441 374 1513 reprehensioni
393 1455 478 1513 poetae
497 1444 578 1494 inter-

80 1521 140 1573 dum
162 1522 256 1573 locum
276 1522 366 1574 facere
392 1532 502 1593 potest:
528 1523 578 1574 etsi

79 1621 170 1656 caussa
180 1604 220 1655 rei
229 1621 326 1674 parum
338 1602 521 1655 animadversa
531 1604 578 1668 iis,

80 1685 135 1754 qui,
148 1682 225 1754 quod
237 1673 487 1753 reprehendendum
500 1695 577 1749 esset,

79 1761 219 1826 videbant,
232 1780 285 1832 qua
295 1759 328 1814 de
337 1779 431 1813 caussa
438 1761 578 1831 reprehen-

8 1837 9 1840 Ἴ
80 1845 179 1895 sionem
197 1841 325 1905 haberet,
346 1843 432 1893 minus
456 1840 579 1911 pervide-

79 1921 149 1974 bant.
167 1923 227 1973 Nec
243 1933 347 1985 tamen,
361 1921 483 1991 inprimis
496 1939 578 1990 quum

80 2005 132 2071 ejus
140 2002 258 2053 lectione
268 2002 386 2051 animum
394 1998 524 2051 imbutum
531 1999 578 2051 ha·

80 2080 165 2145 heret,
176 2081 204 2130 in
212 2079 319 2131 diversa
326 2079 359 2128 ab
367 2078 483 2129 Homero
494 2077 577 2143 abire,

8 2155 9 2194 Ῐ
79 2156 578 2228 autaliamviamsibipatefacere,aut

80 2237 154 2288 aliter
168 2255 210 2289 res
231 2235 338 2288 tradere
354 2247 474 2304 poterat,
493 2234 543 2286 nisi
562 2253 579 2287 a

78 2318 187 2368 veritate
205 2327 308 2367 naturae
321 2311 445 2366 recedere
461 2313 577 2367 volebat.

79 2395 156 2462 Quod
167 2397 250 2468 igitur
267 2394 302 2447 ab
318 2392 426 2446 homine
440 2393 540 2446 sollerti
552 2405 580 2446 et

628 411 816 482 prudentifieri
827 423 942 483 poterat,
954 413 1053 467 idfecit
1061 435 1123 486 poe-

628 502 669 556 ta,
680 504 709 541 ut
718 510 750 542 ex
759 493 906 563 argumenti
915 504 1010 546 natura
1019 514 1122 567 pugnas

627 583 832 640 persequeretur
848 583 873 621 et
889 571 1009 623 locorum
1029 586 1055 624 et
1074 576 1123 626 lto·

628 651 729 700 minum
743 663 843 700 naturte
859 654 1059 719 convenienter,
1073 673 1124 706 nec

629 740 719 780 tamen
731 730 787 780 sine
804 742 926 800 respectu
937 732 1123 802 popularium,

630 807 726 878 quibus
749 807 854 877 placere
877 828 983 862 carmen
1001 812 1124 880 volebat,

629 888 716 938 varios
724 888 874 958 praeliorum
883 908 958 941 casus
966 907 1122 963 exponeret:

628 979 724 1036 utque,
747 969 851 1037 quoties
874 969 901 1018 in
925 989 957 1022 ea
976 971 1122 1039 incideret,

629 1066 687 1118 quae
699 1048 732 1098 ab
745 1037 860 1100 Home'ro
873 1067 905 1100 ea
918 1069 978 1102 cum
993 1055 1071 1123 copia
1086 1072 1134 1114 ess

628 1126 1123 1196 senttradita,utdeterrerentomnes,

629 1209 675 1277 qui
702 1206 795 1259 eadem
823 1207 931 1278 aggredi
955 1209 1069 1276 vellent,
1093 1231 1125 1264 ea

624 1287 774 1358 omitteret,
784 1299 831 1336 aut
842 1285 958 1338 breviter
967 1290 1123 1361 attingeret;

627 1365 668 1414 sin
678 1363 741 1415 talia
750 1380 850 1430 essent,
860 1378 903 1430 ut,
915 1384 968 1436 quo
978 1369 1035 1438 ipse
1045 1370 1125 1420 Mao-

626 1445 700 1494 nium
712 1456 819 1514 poetam
832 1446 987 1515 superabat,
1001 1461 1125 1501 ornatum

628 1520 811 1587 admitterent,
823 1537 889 1576 caet
897 1526 948 1574 situ
958 1538 985 1577 et
993 1526 1124 1596 adjunctis

628 1612 654 1652 et
675 1601 734 1652 aliis
753 1601 832 1654 rebus
850 1604 954 1655 variata
974 1620 1081 1657 omaret
1099 1619 1126 1659 et

628 1679 816 1751 amplificaret,
827 1695 873 1733 aut
882 1683 968 1749 cultu,
979 1684 1124 1756 elegantia,

628 1778 659 1810 ae
671 1761 801 1812 suavitate
810 1760 1026 1832 phantasmatum
1034 1777 1060 1816 et
1070 1784 1125 1817 ver·

626 1835 723 1889 horum
734 1840 871 1909 expoliret.
882 1843 943 1892 Haec
953 1843 1060 1911 quidem
1071 1846 1124 1896 aui·

628 1934 671 1966 mo
684 1929 773 1968 tenere
786 1916 866 1970 debet
877 1921 914 1982 is,
928 1922 973 1989 qui
986 1919 1018 1972 de
1035 1921 1076 1972 his
1095 1923 1125 1973 li-

625 1993 681 2045 bris
690 1994 820 2063 judicium
830 1997 919 2048 fecere
929 1997 980 2048 sibi
990 2002 1076 2050 sumit.
1088 2003 1124 2052 Ut

626 2090 689 2125 vero
722 2073 818 2143 aliquis
847 2092 907 2126 cum
940 2076 1043 2149 Guyeto
1069 2092 1122 2132 tres

627 2166 775 2226 postremos
792 2155 874 2207 lihros
892 2157 1004 2230 Virgilio
1022 2159 1124 2230 abjudi-

627 2245 683 2298 cet‚
704 2235 852 2304 graviores,
873 2253 953 2306 quam
977 2255 1043 2308 quas
1066 2241 1122 2310 ipse

626 2315 655 2364 in
672 2325 780 2382 promtu
798 2312 906 2378 habuit,
925 2317 1024 2372 afferre
1043 2317 1123 2374 debet

627 2411 742 2446 caussas.

84 2801 275 2899 Perottus
287 2829 413 2892 interea
426 2825 544 2893 domus
557 2807 793 2919 omnipotentis
805 2828 951 2920 Olympi,

113 2997 132 3026 1.
144 2981 235 3028 Vexata
247 2981 324 3025 statim
335 2981 361 3023 in
370 2981 419 3040 ipsa
431 2977 508 3024 l‘ronte
522 2981 624 3024 oeeurfit
639 2977 709 3025 lectio
719 2982 874 3043 oninipotentr's
889 2979 987 3042 Olympi.
1002 2981 1125 3030 Librorum

8 3089 9 3094 .
82 3068 107 3098 ea
116 3054 165 3099 fere
176 3053 282 3098 omnium
292 3053 442 3105 auctoritate,
459 3053 528 3096 etiam
545 3050 698 3109 Quinctiliani
714 3053 732 3095 l.
749 3053 777 3096 Ο.
793 3053 836 3106 ΙΧ,
848 3051 875 3108 Δ,
887 3050 917 3111 49
929 3052 1009 3110 (aeid.
1021 3059 1126 3118 omnipo-

83 3123 164 3178 dentis,
176 3135 202 3168 ut
213 3122 264 3167 fere
274 3135 379 3182 semper,
391 3120 456 3166 addit
469 3121 613 3178 Burmann.)
625 3119 713 3166 firmata
723 3134 773 3167 est:
788 3136 831 3167 nec
843 3133 920 3166 tamen
931 3123 985 3166 satis
996 3138 1126 3172 accommo-

83 3193 160 3240 datum
170 3193 265 3239 videtur
275 3191 375 3254 Olympo
384 3190 430 3236 hoc
441 3191 574 3256 epitheton,
585 3191 650 3253 quod
659 3195 754 3253 proprie
762 3193 826 3238 Jovis
836 3202 878 3236 est.
889 3193 963 3238 Fuere
972 3195 1051 3256 itaque
1061 3197 1126 3255 olim,

82 3267 122 3326 qni
131 3263 259 3328 Olympum
268 3278 312 3326 pro
320 3263 379 3310 Jove
388 3263 478 3309 dictum
487 3265 622 3324 acciperent
628 3279 635 3318 ;
647 3261 687 3307 alii
698 3265 738 3328 qui
749 3261 853 3326 Olympio
861 3263 1024 3322 emendarent,
1036 3267 1074 3313 alii
1085 3272 1127 3331 qui

82 3334 171 3398 Olympi
180 3351 224 3397 pro
234 3334 336 3398 Olympii
346 3336 457 3395 scriptum
467 3333 567 3390 vellent,
578 3334 622 3380 hoc
632 3335 713 3396 utique
723 3349 772 3380 non
780 3334 840 3380 male
851 3349 857 3379 ε
871 3335 916 3380 nisi
926 3333 984 3388 alter
992 3335 1057 3384 locus
1067 3352 1127 3386 esset

82 3407 135 3461 llll,
154 3421 197 3468 79¹
216 3421 259 3451 rex
274 3407 430 3468 omnipotentis
446 3404 544 3468 Olympi.
561 3406 619 3452 lnde
636 3405 754 3451 emendari
771 3417 871 3468 creptum
889 3419 942 3452 est:
964 3411 1126 3471 omnipotentis.

82 3477 174 3538 Egnatii
188 3492 217 3529 ea¹
226 3489 260 3522 est
270 3477 416 3532 emendatio;
427 3477 500 3540 idque
517 3477 546 3522 ab
556 3478 665 3523 Ascensio
680 3491 785 3524 notatum
803 3477 882 3533 tideo,
895 3479 937 3541 qui
948 3494 998 3524 earn
1008 3481 1127 3542 amplexus

83 3559 131 3593 est:
143 3547 231 3609 legitur
246 3563 342 3611 quoque
354 3551 386 3594 ita
398 3549 422 3593 in
432 3547 491 3593 Edd.
504 3549 656 3595 Ascensienis.
668 3551 696 3595 ln
707 3552 734 3596 iis
744 3562 821 3596 tamen
834 3548 1015 3611 exemplaribus,
1034 3567 1086 3615 quae
1097 3553 1127 3600 ah

120 3686 142 3720 r.
164 3641 236 3722 llum
251 3670 309 3722 haec
331 3683 470 3743 geruntur,
489 3670 526 3743 dii
548 3671 583 3723 ad

83 3747 582 3802 conciliumhabendumconvocantur.

82 3827 127 3888 Est
139 3829 244 3900 poetis,
257 3831 311 3898 jam
327 3828 390 3880 inde
403 3827 437 3890 ab
450 3829 582 3890 Homero,

631 3674 727 3746 Georg.
735 3674 786 3738 111,
795 3675 841 3726 261
850 3694 857 3735 ;
866 3673 983 3744 ideoque
988 3676 1016 3725 in
1023 3693 1055 3726 eo
1066 3689 1128 3729 sunt

632 3766 730 3822 portae,
748 3753 842 3822 ingens
855 3754 965 3817 atrium,
980 3770 1033 3822 quo
1046 3772 1128 3828 nego-

82 3909 211 3982 Olympus
231 3908 449 3962 accommodatus
471 3909 506 3961 ad
528 3910 584 3960 for-

84 4003 152 4048 mato
162 3987 261 4066 tedium
269 3990 364 4068 prisea
375 3991 435 4042 rite
447 4011 452 4041 :
466 3989 537 4048 conf.
549 3987 584 4044 ad

632 3923 759 3982 aguntur;
771 3909 804 3961 ah
814 3923 927 3981 utraque
935 3922 1010 3980 parte
1019 3909 1129 3963 thalami

631 4007 679 4044 teu
689 3991 793 4042 minora
805 3989 929 4043 cubicula
941 3988 1063 4060 singulis,
1082 3989 1132 4059 qui

631 3831 669 3883 tia
683 3833 748 3886 ,vita
766 3843 792 3882 et
811 3842 956 3883 conventus
973 3830 1128 3884 adeuntium
1196 3863 1202 3876 κ
