2690 4598
197 361 238 424 7⁰
445 339 480 399 r.
503 337 735 402 vtnctttr
757 339 989 407 urseolus
1037 291 1038 298 Ν

193 460 313 542 Quales
324 460 420 524 aeriae
431 460 592 550 liquentia
603 461 738 527 ilnmina
750 462 888 544 circum,

194 568 268 633 Sive
282 566 361 632 Padi
373 568 466 656 ripis,
480 567 628 634 Athesim
640 590 699 632 seu
710 586 847 657 propter
856 593 1039 651 amoenum,
1189 585 1237 634 ssu

195 675 405 761 Consurgunt
417 676 556 761 geminae
569 695 724 762 quercus,
738 676 933 765 intonsaque
945 676 1026 742 caelo

193 778 366 844 Adtollunt
378 780 498 866 capita,
513 795 545 843 et
557 779 690 846 sublimi
701 781 823 846 vertice
836 797 963 845 nutant.

194 887 407 973 Inrumpunt,
420 883 528 952 aditus
541 885 654 952 Rutuli
666 901 703 949 ut
714 884 826 950 uidere
839 888 990 974 patentis.

191 992 361 1056 continuo
370 991 556 1072 Quercens,
571 1006 604 1054 et
615 990 755 1079 pulcher
765 993 946 1082 Aquiculus
957 994 1070 1073 armis,

195 1096 236 1159 Et
247 1118 392 1183 praeceps
404 1096 505 1162 animi
518 1098 673 1175 Tmarus,
688 1113 720 1160 et
731 1099 914 1164 Mavortius
927 1102 1080 1180 Haemon,
1193 1113 1239 1161 oss

193 1201 387 1288 Agminibus
401 1202 476 1268 totis
487 1218 545 1268 aut
556 1203 642 1267 versi
654 1219 745 1291 terga
756 1203 895 1285 dedere,

194 1310 259 1370 Aut
272 1310 343 1395 ipso
355 1325 459 1395 portae
471 1331 612 1395 posuere
625 1310 658 1372 in
671 1309 784 1376 limine
796 1313 907 1375 vitam.

195 1414 283 1476 Tum
295 1415 397 1500 magis
410 1414 597 1479 increscunt
608 1415 725 1479 animis
738 1415 946 1481 discordibus
959 1418 1029 1500 irae3

196 1520 238 1586 Et
246 1519 315 1608 jam
327 1521 468 1585 conlecti
480 1523 585 1586 Troes
597 1522 821 1610 glomerantur
832 1523 965 1603 eodem,

226 1690 281 1752 679.
293 1689 395 1751 Argutioe
410 1701 464 1734 sunt
479 1691 552 1735 Servii
568 1705 610 1736 sen
626 1689 720 1736 alterius
736 1707 764 1736 ex
780 1693 893 1753 scriptura
910 1693 1006 1754 antiqua
1025 1691 1116 1755 inquitis
1132 1707 1244 1758 captate,

194 1760 260 1824 qnod
274 1758 364 1822 &seua
380 1759 506 1821 legendum
523 1775 571 1806 esse
587 1772 680 1816 censet3
705 1773 731 1806 nt
750 1760 815 1806 fluvii
834 1775 919 1807 nomen
940 1764 969 1806 sit
985 1763 1009 1806 in
1025 1763 1124 1810 Venetia
1140 1769 1165 1810 in
1183 1770 1244 1814 inti-

196 1848 259 1880 mum
275 1833 345 1876 maris
361 1831 471 1876 Adriatici
487 1833 563 1877 sinum
583 1847 608 1877 se
624 1833 776 1878 immittentis.
796 1831 842 1876 Sed
859 1831 922 1877 idem
938 1831 1004 1877 iluvii
1020 1848 1106 1880 nomen
1121 1837 1264 1899 Liquentia·

194 1906 279 1966 passim
295 1903 416 1958 scribitur,
432 1915 470 1958 ut,
486 1902 530 1948 bac
546 1905 594 1964 ipsa
611 1905 724 1964 scriptura
739 1913 841 1955 servata,
863 1917 954 1946 amnem
970 1901 1037 1947 illum
1056 1903 1144 1966 inferre
1166 1911 1244 1968 possi.

192 1991 253 2020 mus.
268 1974 330 2020 Male
344 1985 421 2020 tamen
437 1974 482 2019 hoc
495 1973 574 2029 fieret,
589 1985 659 2034 pnto;
675 1987 728 2017 nam
742 1973 784 2018 etsi
794 1971 833 2016 vel
845 1973 943 2018 maxime
961 1985 1028 2034 poeta
1045 1973 1142 2036 Liquens
1153 1977 1245 2036 flumen

194 2048 295 2092 formare
311 2048 400 2108 potuit,
417 2057 494 2090 tamen
511 2047 579 2090 nimis
592 2045 715 2090 obscurum
730 2042 795 2088 fluvii
811 2057 898 2088 nomen
913 2055 974 2100 erat,
992 2060 1062 2108 quam
1078 2057 1105 2090 ut
1118 2048 1182 2094 nude
1198 2066 1245 2111 po.

193 2129 303 2171 neretur;
314 2129 338 2162 et
351 2115 411 2161 male
426 2119 494 2161 etiam
506 2117 652 2176 grammatica
660 2117 769 2177 junctura
782 2111 962 2167 adhaerescere13
974 2115 1012 2160 vix
1020 2130 1115 2178 quoque
1125 2117 1246 2181 Liquentia

189 2187 287 2246 flumina
301 2184 385 2246 plurali
400 2179 498 2230 numero
511 2186 673 2231 substituisset.
692 2185 784 2230 Servius
798 2185 879 2229 vitiose
893 2183 944 2228 fleri
959 2185 1003 2238 ait,
1019 2195 1068 2228 uta
1083 2201 1169 2245 genere
1183 2189 1245 2236 inci-

192 2258 295 2318 piamus,
313 2267 336 2300 et
352 2255 382 2300 ad
398 2257 499 2317 speciem
514 2269 665 2302 revertamur.
682 2257 756 2299 Immo
771 2269 828 2301 vero
843 2253 888 2299 hoc
902 2270 971 2300 suave
987 2267 1010 2300 et
1024 2257 1100 2316 poetis
1118 2257 1243 2322 irequeru,

191 2328 299 2388 inprimis
316 2327 407 2372 Maroni
424 2339 519 2392 nostrp:
538 2345 560 2372 v.
578 2343 598 2372 c.
615 2327 657 2372 inf.
674 2327 718 2381 ΙΙΙ,
736 2325 774 2372 68.
791 2325 828 2386 69.
842 2325 888 2371 660
905 2339 954 2388 seq,
973 2325 1079 2391 liquentia
1095 2341 1172 2374 autem
1190 2332 1244 2392 epi-

194 2398 277 2444 theton
295 2398 394 2442 otiosum
413 2396 521 2460 quidem,
537 2413 622 2444 ornans
636 2411 725 2452 tamen;
741 2410 768 2443 ut
777 2396 833 2459 fons
851 2395 949 2461 liquidus
963 2410 986 2444 et
1000 2399 1030 2444 al.
1046 2401 1147 2445 Doctum
1165 2414 1243 2448 autem

196 2467 331 2528 abantiquo
343 2464 415 2530 liquo,
433 2481 482 2521 ere,
499 2469 573 2528 prima
583 2466 663 2530 lonqa3
677 2478 699 2512 at
710 2465 783 2530 liqueo
791 2469 865 2530 prima
876 2468 949 2515 brevi.
962 2470 1021 2514 Hinc
1031 2469 1151 2516 diversitas
1160 2471 1185 2514 in
1198 2469 1244 2516 de·

194 2538 283 2593 ductis,
296 2539 345 2583 iere
356 2551 382 2583 ut
393 2540 488 2583 Graeca:
504 2531 570 2597 φίλα.
584 2538 662 2600 φιλέω.
676 2534 788 2600 πορφύραν.
801 2538 923 2602 uspaupiu.
936 2541 1006 2599 Quod
1022 2541 1051 2586 ad
1067 2541 1136 2588 codd.
1148 2544 1244 2598 attinet,

196 2607 302 2672 liqueritiu
317 2610 383 2653 Rom.
401 2608 488 2654 Medic.
506 2621 529 2654 et
544 2625 626 2671 magna
636 2624 689 2671 pars
699 2609 843 2674 reliquorum
856 2626 861 2656 τ
873 2612 953 2674 sicque
963 2611 1066 2658 Macrob.
1078 2622 1101 2658 et
1116 2611 1243 2660 Diomedes

195 2695 232 2741 ap.
250 2679 343 2733 Heius,
356 2690 379 2722 at
395 2677 456 2722 Gud.
468 2694 520 2722 am.
531 2693 591 2735 sec,
603 2679 700 2725 Mentel.
711 2691 812 2742 uterque
828 2695 882 2726 cum
892 2680 942 2726 aliis
954 2680 1087 2736 nonnullis,
1099 2693 1121 2726 et
1132 2679 1242 2743 Oblonqo

194 2749 279 2803 Pierii,
291 2746 398 2811 liquatus:
410 2749 443 2792 sic
453 2761 476 2793 et
486 2748 541 2794 edd.
551 2761 607 2795 vett.
619 2751 741 2812 Liquentia
749 2749 877 2807 Montalb.,
895 2751 936 2796 sed
946 2766 1009 2797 erasa
1020 2750 1118 2795 illitera.
1138 2743 1245 2814 linquen-

196 2822 226 2864 tia
237 2818 306 2865 Goth.
318 2830 370 2864 tert.
382 2844 414 2857 —
423 2819 477 2865 680.
489 2829 574 2884 praeter
582 2837 603 2865 α.
614 2822 706 2882 Hagen.
719 2837 732 2866 a
742 2837 772 2866 m.
782 2837 829 2867 sec.
838 2847 870 2857 -
879 2822 932 2868 683.
944 2822 1100 2884 Arrumpuut,
1112 2821 1245 2885 Emnrpurtt

195 2891 237 2948 (ut
247 2889 315 2939 Goth.
328 2887 379 2934 tert.
389 2892 408 2949 ),
420 2891 620 2953 Pmrumpuntap.
633 2893 711 2940 Burm-
730 2893 749 2937 Ι.
766 2893 841 2943 aditus
858 2892 939 2938 Rutuli
954 2909 962 2937 :
980 2894 1064 2958 Regius
1079 2895 1244 2955 interpunqit:

195 2961 260 3023 quod
270 2961 343 3008 etalii
358 2962 460 3016 iaciunt3
479 2976 522 3007 nec
537 2962 617 3008 refert.
629 2989 662 2998 —
672 2963 725 3020 684.
743 2964 876 3028 Querqueus
886 2963 975 3028 aliquot
985 2965 1044 3009 Pier.
1055 2963 1110 3010 Mox
1120 2962 1248 3028 Equicobts

192 3029 271 3092 vulqg.
283 3033 361 3094 etjam
371 3031 454 3087 Aldd.;
466 3032 559 3078 reduxit
568 3033 695 3096 Aquicoius
704 3035 784 3080 Heius.
803 3051 831 3080 ex
847 3033 934 3080 Medic.
953 3046 977 3079 et
992 3048 1039 3078 sec.
1056 3031 1154 3088 Moret,
1171 3035 1245 3080 ceteri

194 3099 330 3163 Aquiculus.
341 3103 378 3146 Sic
388 3114 412 3147 et
421 3103 522 3147 Pieriani
534 3105 632 3164 partim,
647 3105 732 3165 partim
748 3103 875 3168 Equiculus
891 3101 1007 3164 legebant.
1021 3103 1048 3146 ln
1057 3102 1118 3148 binis
1133 3114 1245 3163 corrupta

192 3173 319 3233 scriptura,
330 3172 461 3236 Aquilicus,
471 3173 534 3220 uude
544 3175 624 3221 Heins-
635 3178 698 3238 conj.
708 3174 826 3222 Acisculus
832 3209 840 3230 ,
849 3175 914 3237 quod
921 3175 1020 3219 Valeriae
1027 3175 1101 3232 flentis
1111 3187 1244 3232 cognomen

191 3252 240 3294 ost;
251 3243 334 3290 inuno
344 3241 479 3304 Aquihsrus.
492 3269 523 3279 -
534 3244 590 3290 685.
600 3249 704 3308 princeps
712 3249 784 3290 ammi
796 3261 841 3292 sec.
852 3245 936 3290 Moret-
953 3245 1046 3286 Tmarus
1055 3239 1122 3284 multi
1133 3255 1139 3285 z
1153 3240 1242 3286 ursel.

191 3309 257 3364 Vlll,
274 3309 312 3365 sti·
323 3309 368 3356 Alii
382 3313 458 3360 ethic
469 3315 563 3368 Murus,
577 3313 701 3370 Tbmurus,
714 3313 851 3370 Thamnrus,
869 3314 984 3364 limatus,
997 3309 1119 3363 Himws
1134 3311 1242 3358 ΤῙΜΜ·

186 3367 219 3426 in
235 3381 251 3425 f.
268 3382 349 3428 Haeuto
364 3383 456 3444 Menaq.
472 3401 508 3448 pr.
519 3410 552 3422 -
562 3385 616 3434 686.
627 3387 717 3434 adversi
730 3385 834 3432 Parrbas.
847 3384 921 3428 auersi
935 3377 1047 3433 Dorvill.‚
1060 3380 1139 3442 sicque
1149 3378 1245 3444 aliquot

192 3451 267 3505 Pier.;
279 3451 349 3496 iidem
360 3453 476 3500 cumeum.
486 3481 518 3491 -
527 3455 580 3519 687.
591 3461 635 3519 ipsi
642 3456 731 3520 aliquot
745 3457 818 3508 Pier.;
837 3464 983 3514 proposuere
993 3449 1099 3498 Parrbas.
1111 3450 1200 3502 dedere.
1211 3477 1244 3490 ..-

193 3521 246 3568 688-
268 3524 325 3568 Tum
341 3538 410 3586 maqae
425 3526 523 3573 Dorvill.
533 3528 627 3590 -689,
642 3525 674 3592 qi.
694 3530 717 3571 iu
734 3540 803 3570 unum
819 3525 894 3586 bigot.
907 3533 931 3566 et
945 3523 1011 3567 Rom.

193 3652 245 3720 679
256 3668 295 3721 sq.
309 3670 340 3703 ex
349 3652 367 3702 l.
382 3672 404 3704 c.
416 3655 492 3708 Iliad.
502 3679 535 3723 μ,
555 3660 600 3710 131
616 3676 692 3729 sqq,
742 3655 852 3726 quidus:
864 3652 1001 3726 epitheton
1012 3669 1119 3704 ornans.
1128 3651 1182 3719 Qui
1190 3653 1243 3720 684

193 3730 240 3780 sed
252 3732 445 3801 ornavitpoeta
455 3734 585 3806 adjunctis
596 3748 691 3788 acesto
740 3736 931 3798 nominantur,
954 3752 969 3784 e
991 3732 1096 3784 Rutulis
1117 3746 1186 3783 sunt.
1206 3763 1242 3773 -

193 3828 289 3880 genere
302 3828 333 3861 ac
343 3810 580 3882 locopetitiscirca
590 3813 691 3867 Padum
740 3813 801 3866 688.
821 3811 919 3864 animis
935 3811 1109 3876 discordibus,
1130 3824 1242 3877 ornate,

192 3900 219 3938 et
237 3886 364 3940 Athesim.
386 3890 513 3942 Nostrum
531 3895 627 3945 iterum
645 3911 690 3945 ex·
740 3911 790 3962 pro
802 3894 843 3943 iis.
856 3893 925 3943 Tum
936 3893 1019 3962 magis
1032 3893 1183 3943 increscunt
1195 3892 1241 3941 irae

192 3967 288 4037 pressit
300 3964 439 4019 Claudiam.
453 3966 486 4019 de
503 3971 533 4021 R.
550 3973 624 4022 Pros.
638 3972 688 4036 111,
737 3973 871 4042 Trojanis.
884 3973 943 4022 Jaui
961 3982 1048 4022 nutem
1063 3971 1081 4020 ii
1093 3981 1170 4022 erant
1182 3969 1243 4022 hos·

193 4045 377 4122 Spoflumina
391 4045 519 4120 liquentia
525 4062 578 4124 qut
589 4051 650 4104 fons
660 4051 690 4104 li·
739 4051 830 4105 tilibus
841 4053 869 4105 in
878 4050 990 4104 Rutulos
1003 4049 1105 4104 animis.
