2736 4598
366 288 602 356 AENEIDOS
625 291 779 356 LIBER
802 293 871 356 XI,
1070 292 1131 359 235

89 419 197 505 Argue
209 433 260 496 tu,
274 417 420 494 Drance;
434 413 568 504 quando
579 431 629 480 tot
641 417 754 503 stragis
766 440 900 483 acervos

88 525 297 588 Teucrorum
309 539 366 586 tua
379 521 491 586 dextra
505 520 611 600 dedit,
625 523 813 612 passimque
827 523 957 612 tropaeis
1090 534 1135 582 365

89 630 229 717 lusignis
241 651 337 717 agros
349 652 356 692 τ
370 629 474 717 possit
487 627 568 716 quid
582 626 690 692 vivida
702 629 819 712 virtus,
841 679 845 687 .

88 735 267 823 Experiare
278 736 371 815 licet;
384 758 446 799 nec
457 734 556 822 longe
568 734 692 798 scilicet
703 732 815 800 hostes

88 840 268 921 Quaerendi
280 840 376 906 nobis
388 864 395 903 :
409 841 621 906 circumstant
632 839 782 929 undique
794 863 917 906 muros.

89 947 180 1011 lmus
193 947 227 1010 in
239 945 414 1029 adversos?
426 944 507 1034 quid
520 948 645 1012 cessas?
656 970 698 1011 an
710 947 770 1011 tibi
782 950 914 1012 Mavors

87 1052 234 1116 Ventosa
248 1053 281 1116 in
293 1053 418 1141 lingua,
432 1050 640 1140 pedibusque
653 1053 824 1142 fugacibus
836 1053 905 1118 istis
1088 1064 1135 1124 39⁰
1157 1122 1158 1126 ,

89 1156 229 1245 Semper
241 1159 321 1221 erit?

89 1264 208 1328 Pulsus
221 1266 302 1351 ego?
312 1281 368 1329 aut
381 1265 557 1354 quisquam
568 1265 702 1344 merito,
716 1264 911 1343 foedissime,
925 1263 1058 1352 pulsum

90 1371 230 1456 Arguat,
245 1371 343 1435 Iliaco
356 1369 521 1434 tumidum
535 1373 593 1460 qui
605 1393 752 1436 crescere
764 1371 932 1462 Thybrim'

88 1474 269 1562 Sanguine,
284 1493 316 1540 et
328 1475 472 1540 Evandri
484 1493 587 1540 totam
599 1499 675 1542 cum
688 1478 789 1566 stirpe
801 1475 927 1542 videbit

89 1578 310 1644 Procubuisse
324 1579 475 1662 domum,
489 1598 589 1672 atque
602 1599 716 1647 exutos
728 1583 869 1648 Arcadas
882 1583 998 1648 armis?
1091 1591 1135 1653 395

90 1683 192 1748 Haud
203 1684 248 1748 ita
260 1708 313 1750 me
327 1687 452 1774 experti
464 1687 561 1752 Bitias
575 1705 607 1751 et
619 1687 786 1753 Pandarus
798 1689 928 1778 ingens,

88 1791 132 1854 Et
145 1813 230 1880 quos
243 1792 333 1856 mille
346 1791 400 1856 die
412 1794 519 1858 victor
530 1793 591 1857 suh
604 1795 740 1858 Tartara
752 1794 841 1874 misi,

89 1897 242 1962 Inclusus
255 1898 372 1977 muriS,
386 1898 565 1988 hostilique
577 1921 696 1987 aggere
708 1893 839 1987 saeptus.
865 1931 869 1940 ·

89 2137 212 2183 Heinsiani
224 2153 277 2183 cum
287 2138 356 2186 Goth.
370 2151 421 2186 tert.
437 2151 460 2186 et
471 2141 518 2186 Eri.
532 2139 580 2186 Sed
590 2139 681 2186 solitum
700 2139 741 2186 tin·
758 2140 900 2203 elegantium
914 2140 1000 2186 variata
1018 2139 1139 2190 oratione,

89 2223 136 2270 pro
147 2223 153 2252 z
166 2218 192 2252 ut
202 2205 270 2254 soles.
283 2210 320 2254 Sic
335 2204 413 2260 niudis
426 2209 530 2258 absolute
546 2213 717 2272 interponitur,
729 2224 753 2258 et
765 2211 817 2257 alia.
830 2225 908 2274 meque
920 2209 1009 2273 fictoris
1023 2206 1137 2253 Montalb.

90 2303 124 2314 -·
136 2277 189 2333 384.
207 2271 350 2343 Arpur'to‘D.
369 2296 405 2342 pr.
422 2280 479 2328 edit.
498 2284 577 2328 Burm.
594 2295 618 2328 et
635 2283 682 2328 Eri.
699 2284 801 2329 Drances
821 2285 891 2329 etiam
908 2281 948 2328 hic
965 2280 1061 2344 aliquot.
1075 2297 1097 2327 v.
1110 2279 1140 2325 ad

89 2366 113 2395 v.
134 2347 188 2410 378.
208 2351 299 2414 quando
316 2359 348 2396 tot
366 2352 445 2398 lleins.
463 2368 475 2399 e
491 2356 646 2414 grammaticis
665 2356 802 2417 asscriptis.
821 2353 912 2416 Vulgo:
928 2361 960 2399 tot
971 2351 1068 2417 quando.
1080 2353 1139 2396 Turn

90 2419 161 2465 cadis
178 2434 269 2466 aceruos
287 2420 386 2480 Quintil.
400 2419 441 2467 lib.
454 2423 498 2478 lx,
512 2438 540 2480 2,
558 2435 585 2469 ut
596 2439 648 2487 sup.
663 2425 696 2481 X,
709 2423 761 2482 245.
774 2427 817 2482 Xl,
837 2440 894 2487 207,
907 2422 931 2470 h.
942 2440 963 2469 e.
978 2436 1096 2468 caesorum.
1108 2446 1140 2457 -

92 2489 147 2536 385.
163 2492 275 2536 Teucrum
288 2501 321 2537 tot
332 2501 370 2538 tua
379 2507 425 2539 sec.
438 2493 522 2540 Moret.
538 2503 577 2540 tua
590 2494 634 2541 tela
652 2496 741 2542 zulich.
758 2514 771 2542 a
786 2513 818 2542 m.
830 2513 866 2560 pr.
876 2521 907 2531 -
918 2494 971 2541 386.
984 2496 1084 2558 Insipnes
1095 2506 1142 2540 tres

91 2559 173 2606 llcins.
187 2563 282 2626 Insiqnis
293 2570 323 2608 tot
334 2578 399 2628 apros
410 2562 499 2609 zulich.
508 2567 605 2630 Insiqnis
616 2583 707 2631 campos
717 2567 765 2614 duo
774 2567 885 2614 llottend.
894 2567 928 2612 lta
938 2565 1003 2612 fuere
1014 2563 1043 2611 de
1054 2563 1141 2629 syllaba

93 2634 113 2677 is
125 2631 186 2678 male
196 2633 297 2679 solliciti.
309 2635 372 2697 quod
379 2633 468 2680 Zulich.
481 2652 493 2680 a
505 2653 537 2681 m.
549 2655 585 2700 pr.
601 2639 689 2702 Sparsit
699 2640 756 2703 quid
767 2642 843 2702 Sprot.
856 2655 900 2701 pro
909 2655 956 2684 var.
967 2636 1021 2682 lect.
1035 2635 1110 2682 inuida
1120 2652 1143 2680 v.

93 2703 166 2749 Goth.
179 2717 232 2751 tert.
242 2731 273 2741 -
283 2705 335 2768 387.
348 2704 402 2752 libet
411 2706 504 2769 Menag.
522 2725 557 2770 pr.
571 2725 617 2755 non
629 2709 643 2755 i.
656 2727 691 2773 pr.
708 2711 791 2755 flamb.
811 2722 833 2756 st
849 2709 919 2755 Goth.
938 2724 983 2754 sec.
1005 2705 1068 2770 lauqo
1086 2707 1140 2752 Exc.

94 2777 175 2821 Burni.
186 2802 218 2812 -
229 2776 283 2824 388.
303 2778 378 2836 Quoer.
390 2776 452 2824 vobis
463 2779 553 2825 zulich.
567 2797 579 2825 a
591 2797 622 2825 tn.
639 2796 685 2827 sec.
697 2782 839 2827 circumdant
850 2780 938 2843 aliquot
953 2780 1015 2825 Pier.
1029 2788 1052 2822 et
1063 2776 1141 2820 Burm.

93 2859 119 2894 et
132 2845 186 2892 ard.
196 2863 245 2909 pr.,
257 2863 310 2894 nam
320 2850 387 2895 tertia
398 2859 544 2895 ormumstant
552 2865 605 2898 enm
615 2863 670 2896 cett.
680 2863 737 2898 vett.
748 2850 803 2897 edd.
812 2875 844 2886 -
853 2850 905 2911 389.
918 2851 981 2894 lmus
990 2850 1013 2892 r'n
1022 2846 1143 2892 adversm?

93 2920 300 2981 interrogationem
308 2921 417 2967 Heinsius
423 2937 518 2984 quoque
526 2922 609 2967 firmat.
618 2923 666 2983 Ego
673 2938 721 2968 non
731 2923 870 2969 desiderem.
883 2922 946 2965 lmus
954 2935 998 2981 pro
1006 2918 1065 2975 Quin
1077 2920 1142 2973 imus,

94 2990 161 3053 quod
174 3007 235 3054 saepe
247 2991 311 3054 apud
321 2993 435 3038 Canticos.
447 2995 475 3039 Et
485 2995 634 3039 Homericum
645 2991 707 3038 Ἀλλ’
721 2989 792 3054 ἴομεν.
804 3018 836 3028 -
848 2993 900 3052 39ι.
915 2993 1063 3054 nequicquam
1074 2992 1142 3033 armis

95 3061 228 3108 terrebimur
246 3061 330 3108 hostem
347 3062 496 3125 suppleverat
513 3062 623 3110 Medica
637 3079 668 3110 m.
681 3080 717 3126 pr.
729 3078 873 3127 nunquamne
891 3064 950 3107 sines
966 3058 1058 3120 fallacia
1076 3057 1144 3104 uerba

93 3131 162 3177 Leid.
174 3158 206 3168 -
217 3133 270 3194 392·
289 3131 351 3178 tund
355 3136 476 3198 quisquam
487 3158 518 3168 -
528 3133 617 3198 Arquet
627 3131 775 3188 ἀποφαντικοῖς
786 3136 897 3180 Donatus.
911 3131 966 3176 haut
977 3133 1046 3176 etiam
1056 3130 1103 3175 Eri.
1113 3145 1145 3176 an

94 3220 135 3269 qu.
146 3203 212 3248 Leid.
225 3219 278 3249 cum
289 3202 358 3249 Goth.
368 3220 399 3249 an
411 3207 488 3250 merito
501 3207 622 3269 quisquam
630 3204 736 3251 Parthas.
748 3212 789 3249 aut
797 3207 917 3268 quisquam
924 3201 967 3246 Ed.
977 3217 1013 3263 pr.
1022 3201 1101 3246 Burm.
1113 3223 1144 3236 -

96 3275 150 3338 39³.
163 3275 246 3338 Arquit
254 3274 351 3320 Oudart.
363 3298 394 3309 -
404 3273 458 3336 393.
472 3283 518 3322 tota
529 3291 581 3321 cum
592 3278 660 3338 stirpe
672 3286 718 3321 tres
730 3275 809 3320 Heius.
822 3298 854 3309 -
865 3273 917 3336 395.
930 3273 993 3318 Proc.
1009 3271 1061 3318 deos
1073 3270 1142 3316 Goth.

96 3365 133 3410 pr.
147 3347 268 3393 exlruustos
284 3347 381 3392 Oudart.
397 3361 420 3394 et
431 3365 467 3410 pr.
481 3348 563 3394 llamb.
584 3365 628 3411 pro
646 3364 694 3393 var.
711 3345 766 3394 lect.
783 3355 874 3392 exustos
892 3345 961 3392 Goth.
975 3355 1028 3391 tert.
1042 3345 1144 3390 Arcades

96 3434 150 3465 cam
162 3417 244 3464 eodem
255 3417 353 3464 Dorvill.
363 3445 394 3459 -
404 3419 457 3480 396.
475 3417 525 3464 Aut
534 3444 566 3455 -
577 3423 607 3465 t'tu
619 3421 687 3466 misi?
698 3417 740 3464 Ed.
753 3419 812 3464 Ven.
825 3418 903 3462 Burni.
922 3425 944 3462 et
960 3415 1031 3462 Pand.
1047 3429 1146 3480 turquens

96 3489 183 3536 Medic.
196 3506 210 3535 a
221 3505 252 3534 m.
264 3491 399 3554 pr.-397.
410 3491 442 3536 Et
451 3505 497 3554 quo
508 3493 589 3537 Franc.

97 3691 140 3743 '¹⁰3
151 3683 218 3753 ‘lm’
227 3691 326 3758 ἷπίντοις
336 3711 394 3763 qua
401 3711 482 3764 quum
488 3695 526 3748 ita
535 3696 596 3746 sint.
643 3694 704 3764 395,
717 3693 815 3744 Omnia
825 3692 852 3742 in
868 3692 952 3760 majas
965 3699 1050 3739 aucta.
1062 3686 1145 3737 Arca-

96 3771 161 3822 M⁰¹
172 3773 296 3842 quaml),
309 3790 359 3843 pr⁰
370 3771 597 3843 quandoquidem.
643 3773 692 3824 das
700 3772 773 3836 dixit,
781 3790 863 3843 quum
875 3770 908 3822 de
919 3785 972 3820 uno
982 3767 1049 3818 duce
1057 3767 1144 3816 Eran-

97 3879 132 3888 -·
140 3850 291 3920 389...39ι.
305 3853 470 3921 Comparant
481 3851 557 3902 Iliad.
569 3873 599 3917 a,
644 3851 693 3903 dro
707 3853 843 3922 cogitaret.
852 3851 920 3900 Ante
930 3845 1021 3901 oculos
1032 3863 1089 3898 esse
1100 3862 1145 3913 po-

99 3931 158 3982 226·
175 3947 235 3999 227·
247 3931 540 3997 -Imus.Quinimus;
552 3951 599 4004 age
645 3933 695 3982 tuit
712 3931 788 3982 locus
801 3929 876 3982 lliad.
888 3931 923 3991 θ,
942 3924 1086 3980 153...156.
1106 3921 1145 3971 Ad

97 4026 188 4062 eamus
200 4007 327 4062 adsersus
337 4009 599 4082 hosteml-393....
646 4010 697 4079 396
713 4012 784 4063 conl.
799 4029 856 4080 sup.
870 4011 923 4071 lX,
935 4008 987 4074 672
1001 4022 1055 4072 seq.
