2718 4594
304 309 542 378 nuetuos
565 279 719 376 tinnit
740 312 825 376 xu.
1023 311 1121 395 345·

40 441 149 530 Pugna
160 437 238 506 loco
252 428 367 504 statiut
379 439 559 522 Teucros),
573 434 663 502 haud
675 435 778 504 multa
790 455 950 518 moratus,
1029 469 1034 481 1

40 546 164 634 Excipit
175 547 211 610 in
223 545 328 623 latus,
340 558 388 623 et,
402 565 467 632 quo
479 543 545 608 fau
557 543 741 623 celerrime,
756 543 897 609 crudum

39 650 249 740 Tmnsedigit
261 665 370 716 costas
383 665 416 714 et
428 665 534 716 cretes
544 649 687 737 pectoris
700 671 822 716 ensem.

40 756 172 822 Turnus
185 762 277 846 equo
291 754 458 846 dejectum
469 759 645 846 Amyoum,
658 753 860 846 fratremque
873 756 1023 835 Diorem,

42 863 246 950 Congressus
259 859 380 950 podes,
393 860 483 926 hune
494 862 684 926 venientem
696 860 833 950 cuspide
845 861 958 950 longa,
1047 875 1092 922 ,κιο

41 968 137 1033 Ηο00
149 989 316 1033 mucrone
328 966 420 1048 ferit,
433 989 601 1056 curruque
611 967 737 1036 abscisa
749 966 893 1032 duorum

42 1072 220 1162 Suspendit
232 1074 356 1162 capita,
369 1089 403 1139 et
414 1074 559 1139 rorantia
571 1075 729 1162 sanguine
741 1089 864 1162 portat,

41 1179 99 1243 Ille
111 1181 221 1246 Talon
234 1181 444 1270 Tanaimque
455 1182 530 1246 neci
543 1182 731 1272 funemque
743 1180 941 1268 Cethegum,
967 1215 969 1222 ‹
1020 1209 1022 1214 v

42 1286 114 1352 Tris
127 1311 197 1354 uno
210 1311 408 1376 congressu,
422 1307 455 1354 et
467 1307 617 1356 maestum
630 1291 730 1354 mittit
742 1289 888 1378 Onyten,

43 1391 171 1457 Nomen
184 1392 402 1474 Echionium,
416 1395 596 1486 matrisque
607 1418 710 1483 genus
723 1392 881 1460 Peridiae:
1050 1402 1093 1447 515

42 1577 78 1612 tur
91 1567 179 1616 Medio.
194 1581 218 1616 et
234 1568 277 1615 alii
288 1584 293 1614 ε
306 1579 356 1614 tum
366 1571 467 1617 Servius.
485 1571 552 1619 Cous.
572 1587 623 1638 sup.
637 1571 666 1620 ad
680 1573 700 1618 X
708 1606 715 1630 ‚
729 1571 782 1620 668.
793 1596 826 1608 -
838 1569 890 1619 506.
905 1575 1041 1622 mmmm,
1054 1567 1096 1629 qui

42 1638 134 1684 AEneam
144 1639 212 1686 haud
224 1639 329 1686 multum
341 1654 472 1688 moraretur
486 1642 596 1690 adversus
608 1660 661 1692 euin
674 1643 813 1710 pugnando,
825 1643 891 1690 Rom.
905 1652 928 1688 et
936 1654 989 1702 pars
1006 1639 1096 1685 Pieris-

41 1723 124 1756 nonsm
136 1724 160 1758 et
170 1713 299 1759 Heinsiani
309 1727 402 1770 omnes,
413 1716 522 1778 interque
535 1731 574 1762 eos
583 1716 705 1784 Mediceus
714 1731 767 1763 cum
775 1713 844 1762 Goth.
855 1725 908 1762 tert.
916 1719 1017 1758 morutm
1026 1707 1098 1756 Goth.

43 1794 86 1826 ³⁰⁰·
105 1793 221 1830 'mmmm
234 1787 316 1846 Sprot.
329 1801 349 1828 ²·
365 1799 395 1828 ¹¹¹·
410 1801 461 1848 Pru
474 1802 486 1832 a
499 1801 545 1832 sec.
558 1796 665 1836 morotius.
684 1795 797 1833 nmmtum
808 1787 878 1832 etism
890 1785 983 1832 Servius
994 1782 1098 1843 agnoscit

44 1863 66 1895 et
82 1853 264 1916 interpretetur.
277 1855 316 1900 Est
327 1857 397 1916 igitur
417 1857 486 1901 etism
505 1856 544 1902 hic
563 1855 628 1904 locus
640 1859 720 1912 exiis,
733 1859 759 1902 in
770 1855 856 1918 quibus
872 1854 993 1900 senteutiae
1003 1852 1063 1896 ratio
1075 1861 1100 1898 et

43 1932 124 1966 natura
135 1938 233 1971 omnem
243 1923 366 1988 {libiorum
384 1927 546 1972 auctoritatem
565 1928 642 1972 evicit.
662 1927 797 1987 Requiritur
814 1926 877 1971 enim
895 1931 994 1968 moratus
1006 1936 1014 1964 :
1026 1919 1100 1980 idque

41 1991 111 2052 joma
122 2006 179 2039 vett.
192 1995 252 2041 inde
266 1994 320 2040 edd.
333 1994 451 2058 vulgatum
459 2011 501 2057 per
508 1995 577 2044 Aldd.
592 2009 615 2042 et
626 2007 710 2042 set-
718 1996 770 2057 507.
784 1993 837 2042 508.
849 1994 954 2040 crude...
964 2005 1016 2036 ense
1027 1988 1098 2034 Aldd.

45 2071 67 2104 et
78 2077 129 2124 quae
140 2063 197 2110 bino
207 2063 333 2128 profecte,
345 2066 424 2110 invitis
431 2064 497 2110 libris
507 2064 627 2121 omnibus,
638 2080 712 2126 usque
722 2064 752 2110 sd
759 2061 911 2117 commelin,
923 2062 965 2125 qui
977 2057 1099 2106 meliorem

43 2129 169 2183 lectionem
182 2153 195 2184 e
210 2136 286 2184 Palst.
299 2136 399 2183 induxit.
411 2151 486 2182 ensem
503 2136 646 2202 Tronsadiqu
661 2144 733 2184 costos
748 2135 885 2198 exquisitius
896 2134 998 2186 dictum,
1009 2130 1036 2176 h.
1047 2129 1100 2176 ndi·

47 2205 78 2264 git
90 2217 154 2252 trans
166 2219 260 2254 costas:
279 2209 312 2252 sic
331 2223 426 2274 quoque
445 2223 497 2270 sup.
516 2226 538 2256 v.
559 2209 610 2271 275.
627 2207 678 2270 276.
697 2209 735 2254 Sic
754 2203 882 2269 oonsfiqere
901 2201 1001 2257 hastam,
1012 2202 1100 2264 exigere

45 2288 118 2321 ensem
135 2294 178 2340 per
195 2287 295 2336 costam,
310 2289 334 2324 et
345 2278 390 2324 alis
409 2278 468 2325 dixit
485 2280 559 2326 Maro.
581 2279 711 2329 Transadiit
727 2277 818 2341 aliquot
835 2277 961 2322 Burmann,
973 2270 1035 2320 coni.
1048 2285 1101 2333 sup.

49 2344 98 2406 275·
110 2371 142 2382 ···
154 2349 210 2410 509·
223 2347 309 2393 Dioren
325 2347 414 2411 aliquot
426 2351 504 2395 Burm.
517 2376 549 2388 ·-
561 2351 614 2398 510·
628 2351 763 2413 Conpressas
776 2345 845 2394 Goth.
862 2344 928 2392 alter.
941 2369 973 2380 -·
983 2344 1035 2390 511.
1047 2358 1102 2388 cur·

48 2425 117 2479 ⁵11tu
133 2419 178 2466 Ed.
198 2436 236 2481 pr.
255 2421 334 2466 Burin,
354 2421 441 2470 abscisa
457 2421 544 2468 Medic.
557 2421 657 2468 abscissa
673 2421 736 2485 spud
748 2423 812 2467 Serv.
825 2417 887 2466 adn
898 2419 950 2464 AEn.
962 2415 1022 2472 533,
1034 2415 1101 2460 etsie

47 2485 143 2534 Dorvill.
156 2506 211 2536 cum
224 2490 345 2538 nonnullis
357 2492 411 2540 edd.
423 2504 479 2540 vett.
493 2496 562 2540 etiam
569 2493 668 2542 Aldinis.
678 2496 753 2541 occiso
763 2490 833 2538 Goth.
845 2501 898 2538 tert.
908 2515 940 2526 ·-
948 2486 1001 2535 513.
1014 2483 1102 2532 Thalen

47 2553 145 2617 Medio,
159 2573 183 2607 θῑ
195 2579 209 2606 ³
221 2559 252 2606 ἤ·
265 2579 303 2624 pr·
317 2566 465 2629 Tantumque:
480 2564 573 2622 Tolum,
588 2569 687 2633 Taqum,
700 2577 723 2612 et
737 2562 840 2626 Toloinq.
856 2563 966 2624 Tanainq.
982 2555 1100 2618 Tholoinq.

51 2627 198 2695 Thsslmmq·
214 2636 353 2697 Taqanumq.
370 2635 513 2699 Talarimque
528 2635 575 2682 alii.
587 2637 648 2682 Vera
660 2639 754 2682 nomina
762 2637 800 2681 vix
809 2632 939 2678 habemus:
952 2629 1103 2675 mministis

48 2698 106 2746 nihil
118 2715 154 2748 est
165 2705 255 2750 Latine}
266 2705 361 2750 indolis.
376 2708 469 2752 Debent
484 2721 562 2754 autem
574 2722 623 2752 esse
635 2708 771 2751 Latinorum
782 2707 890 2758 nomina,
901 2713 929 2746 ut
941 2698 1057 2761 Cethequs.
1070 2721 1101 2730 —

51 2771 100 2826 5¹4·
118 2775 226 2832 (hylen,
237 2769 346 2830 Ὀνῦτκν,
363 2775 447 2822 melius
465 2794 534 2841 quam
554 2777 648 2832 Oniten,
663 2775 780 2830 Ovidium,
791 2775 913 2827 Orontem,
932 2771 1056 2816 Omentem.
1070 2790 1102 2800 -

49 2841 99 2887 515.
113 2846 214 2889 Nonum
227 2840 361 2890 Echionium
375 2845 484 2909 plerique
502 2849 564 2893 Pier.
577 2861 630 2892 cum
642 2845 730 2892 Medic.
744 2857 767 2890 et
781 2844 839 2890 aliis.
852 2843 899 2889 Sed
910 2855 990 2888 nomen
1006 2827 1104 2897 (neeis)

47 2984 137 3051 primo
154 2993 258 3035 mtes
276 2985 373 3057 Pupna
390 2985 446 3039 loeo
464 2987 558 3040 statuit
601 2987 677 3038 rima.
688 2980 887 3051 ἕθι....μιίλιηι’
898 3002 924 3034 es
941 2973 1026 3047 seipsis
1044 2979 1100 3028 ion.

52 3061 181 3130 Teucros,
193 3063 220 3116 h.
235 3084 257 3116 e.
270 3065 381 3118 AEneeun
400 3085 461 3118 oum
473 3069 557 3119 eomi-
600 3067 712 3118 mudum
724 3084 775 3136 pro
788 3077 898 3116 cruento
911 3084 917 3112 ι
934 3073 965 3112 ut
983 3071 1010 3111 et
1021 3073 1103 3128 supra

51 3143 122 3195 tibus
140 3162 192 3216 per
214 3144 322 3197 ordines
340 3159 476 3211 ruentem,
495 3165 555 3198 cunt
600 3144 703 3198 AEneid.
717 3145 764 3196 lib.
777 3145 820 3209 X,
832 3143 893 3196 682.

52 3222 155 3294 impetu
174 3225 384 3293 discurrentem,
404 3226 468 3278 dum
484 3228 556 3280 inse·
636 3223 695 3292 509
709 3225 779 3296 Ergo
789 3224 903 3294 Amycus
914 3231 940 3272 et
948 3217 1043 3269 Diores
1056 3213 1105 3267 filii

53 3305 144 3372 quitur
156 3306 293 3371 Turnum,
308 3325 381 3360 nuno
396 3320 502 3372 autem,
521 3326 554 3359 eo
599 3306 830 3375 Ptiemi=utpatet
838 3321 897 3373 sup.
907 3303 964 3353 AEn.
973 3299 1006 3362 V,
1014 3313 1073 3366 ²97·
1082 3297 1107 3361 Ι,

54 3380 186 3450 dimisso,
213 3405 274 3438 eum
298 3388 420 3459 proximo
447 3405 555 3458 quoque
600 3401 659 3436 m.
673 3384 776 3436 Diversi
789 3383 824 3434 eb
839 3381 892 3432 hoe
908 3379 1008 3450 Amyco
1026 3388 1103 3438 sunt,

54 3480 241 3535 congressum,
251 3486 282 3518 ea
291 3487 381 3540 peyna
390 3469 507 3540 primum
520 3466 556 3518 lo·
601 3483 667 3537 quos
679 3464 726 3516 lib.
739 3466 779 3530 V,
792 3463 851 3532 373.
863 3463 916 3526 IX,
926 3476 985 3529 772.
1000 3458 1039 3523 X,
1053 3455 1106 3526 704?

54 3559 82 3591 co
91 3541 353 3606 statuit,consistere
365 3548 430 3600 feeit
441 3568 447 3598 ε
460 3547 557 3598 sollen-
602 3544 725 3596 vidimus.
738 3541 842 3594 -5xo.
861 3538 921 3592 511.
941 3539 1106 3607 Comparare

56 3623 97 3672 nis
114 3623 244 3674 orationis
265 3625 395 3691 inversio,
415 3646 465 3697 pro
483 3645 558 3678 oom—
603 3623 690 3675 solent
706 3621 782 3674 iliad.
801 3617 1106 3686 0,461.-460.-513,

56 3703 149 3753 muni:
168 3701 203 3753 od
223 3721 282 3754 eam
302 3706 418 3773 primum
440 3725 559 3778 pugnem
603 3699 667 3766 me,
682 3701 787 3753 AEnees.
799 3710 928 3774 mestum,
939 3701 998 3770 ipse
1008 3707 1103 3761 morte,

56 3778 172 3846 Teucri,
191 3782 251 3834 fuse
273 3780 360 3836 adhue
381 3803 431 3854 per
451 3783 558 3838 ordines
603 3794 679 3852 puto,
688 3799 768 3852 quam
777 3779 912 3831 subiturus
923 3787 987 3830 erat.
998 3775 1106 3828 Servius

57 3873 177 3927 'nemeis
192 3861 375 3913 substiterunt¹
389 3893 423 3902 -
433 3861 492 3933 507.
505 3865 559 3914 Ex·
602 3861 721 3927 tristem,
733 3867 870 3925 severum,
883 3851 1037 3926 σκυθρωπὴ,
1058 3873 1105 3906 ex-

59 3938 159 4008 cipitin
170 3940 239 3993 latus
248 3940 343 4006 docte,
358 3959 425 4012 pro,
443 3944 557 4013 excipit,
602 3941 686 4011 ponit.
703 3939 809 3991 Nomen
820 3937 1000 3996 Echionium,-
1014 3931 1105 4005 quood

62 4018 199 4090 vulneras,
212 4020 331 4076 intuere
344 4021 467 4095 quafata
477 4020 558 4076 ceier-
602 4039 716 4088 nomen,
731 4021 854 4088 nomine,
871 4017 997 4070 Echionis
1012 4013 1106 4065 fitium.
