2690 4596
241 280 303 357 418
571 281 782 346 MAPHAEI
805 280 953 346 VEGII

236 401 444 492 Quidjuvat?
456 419 489 468 et
498 403 639 469 violasse
651 427 750 470 sacrae
762 406 922 492 promissa
933 407 1058 494 quietis
1261 418 1298 465 160
1328 417 1329 426 ³

237 509 395 596 Pignora?
407 533 480 599 quae
493 510 553 574 tibi
565 527 654 576 tanta
665 512 777 575 animo
788 512 993 598 impatientia
1005 513 1123 577 venit?

237 615 283 678 Ut
294 617 435 680 Martem
447 639 523 682 cum
535 633 632 704 gente
646 620 753 681 Deum
762 617 926 706 jussuque
937 618 1105 682 Tonantis

169 749 172 758 ·
238 723 312 786 Huc
325 740 417 788 vecta
430 745 574 810 gereres,
590 740 623 787 et
634 724 753 788 nostris
766 723 889 810 pellere
901 725 996 788 tectis

237 827 333 892 Ultro
346 830 469 894 instans
481 829 597 909 velles,
611 845 762 918 nataeque
774 828 972 916 abrumpere
985 827 1100 893 foedus
1328 897 1329 900 ,

237 933 394 998 Pollicitae
406 957 529 1022 genero
542 937 716 998 AEneaeiet
727 957 781 998 me
794 934 879 998 bella
892 951 1034 1022 negante
1086 995 1088 998 .
1258 945 1293 992 165
1328 943 1329 948 ’

237 1041 327 1103 Dura
340 1063 474 1104 movere
487 1042 607 1105 manu?
620 1062 694 1128 quae
706 1056 794 1104 tanta
807 1040 931 1108 insania
945 1057 1096 1104 mentem
1328 1097 1329 1104 t

238 1145 423 1234 Implicuit?
435 1147 565 1235 quoties
578 1163 610 1210 te
622 1147 657 1209 in
669 1147 746 1210 saevi
758 1147 872 1210 Martis
886 1163 1022 1210 euntem
1328 1177 1329 1236 q

237 1253 391 1340 Agmina,
405 1250 649 1341 sublimemque
663 1253 797 1341 ineque
811 1267 843 1316 et
855 1251 1060 1317 radiantibus
1073 1255 1196 1333 armis,
1237 1235 1241 1244 ⁵

237 1359 378 1423 Tentavi
391 1381 560 1437 revocare,
575 1375 608 1422 et
620 1359 683 1423 iter
694 1356 898 1444 suspendere
910 1359 1080 1446 coeptum?

239 1464 392 1552 Corripui
405 1480 437 1528 et
449 1465 598 1551 pavitans
611 1462 785 1528 cedentem
797 1463 832 1525 in
844 1461 958 1526 limine
971 1463 1118 1528 frustra?
1257 1489 1292 1534 17·

239 1568 322 1633 Inde
335 1593 396 1656 ego
410 1586 532 1658 quanta
544 1569 618 1648 tuli,
633 1585 795 1634 testantur
806 1569 927 1632 moenia
941 1569 1037 1632 tectis

238 1674 422 1753 Semirutis‚
438 1675 614 1763 magnique
627 1674 776 1740 albentes
789 1674 917 1740 ossibus
929 1675 1013 1762 agri,
1328 1659 1329 1716 1

237 1781 280 1845 Et
293 1781 422 1844 Latium
435 1796 505 1844 toto
518 1796 692 1844 vacuatum
705 1780 840 1860 robore,
854 1796 887 1871 et
899 1781 1016 1867 ingens

238 1886 397 1966 Exitium,
411 1887 571 1976 fluviique
583 1887 728 1951 humana
740 1886 830 1952 caede
843 1885 1016 1965 rubenteS,
1328 1957 1329 1966 ¹

241 1992 283 2056 Et
294 1991 601 2082 longi,trepidique
614 2009 736 2073 metus,
751 1991 893 2081 durique
905 1990 1052 2072 labores,
1257 2007 1291 2068 175
1328 1997 1329 2004 ’

242 2099 333 2180 Quos
346 2099 443 2163 toties
455 2098 567 2164 senior
577 2121 639 2186 per
652 2115 739 2162 tanta
751 2098 898 2186 pericula
910 2097 995 2185 cepi.

242 2305 277 2314 -
296 2275 353 2326 160.
374 2275 446 2344 Quid
456 2277 535 2344 juvat
547 2285 574 2324 et
587 2284 611 2324 te
625 2273 733 2326 violasse
742 2275 856 2346 piqnora
869 2290 947 2325 sacrm
964 2272 1081 2344 quietis?
1097 2273 1131 2324 ld
1148 2286 1205 2338 est,
1211 2277 1291 2343 jurata

242 2366 340 2412 sanctae
351 2357 426 2425 pacis
438 2353 557 2404 foedera?
566 2353 597 2403 A.
609 2383 643 2392 -
658 2355 714 2405 162.
728 2355 834 2404 Etcum
844 2364 922 2426 pente
931 2363 1005 2403 vecta
1019 2351 1087 2418 huc,
1101 2354 1140 2404 ad
1153 2373 1219 2421 nos,
1227 2358 1291 2426 jussu
1328 2347 1329 2358 ¹

240 2433 356 2482 Deorum
366 2443 391 2482 et
403 2431 547 2483 Tonantis:
558 2433 635 2502 quasi
646 2431 726 2492 dieat,
737 2451 770 2484 ea
779 2451 843 2503 gens
856 2433 954 2484 dilecta
967 2433 1090 2502 superis,
1106 2435 1156 2502 qui
1168 2435 1204 2486 sd
1213 2452 1289 2486 meum

241 2510 336 2562 solium
354 2523 380 2563 et
398 2510 456 2562 fllia
475 2511 628 2582 conjugium
648 2509 833 2562 adduxerunt:
854 2511 896 2562 vel
914 2511 1032 2562 Deorum
1052 2515 1203 2582 progenies
1221 2530 1290 2583 quam

240 2593 345 2662 Jupiter
356 2592 434 2661 jussit
446 2589 499 2642 huc
511 2592 610 2642 venire.
625 2620 660 2630 -
678 2591 734 2656 164.
755 2589 829 2642 Ultro
845 2591 949 2654 institas.
967 2591 1030 2640 Non
1042 2589 1205 2656 lacessitus,
1217 2592 1288 2643 velles

240 2672 342 2744 pellere
374 2683 461 2725 entem
479 2670 589 2722 deorum
607 2672 704 2722 nostris
722 2673 812 2733 tectis,
825 2685 851 2722 et
860 2689 901 2722 me
911 2671 1187 2742 invito—natoeque
1196 2673 1289 2722 1111111111-

240 2763 302 2816 pere
308 2693 414 2813 foedus:
432 2743 518 2814 tangit
530 2740 655 2794 historias
671 2761 686 2794 a
698 2742 810 2812 Virgilio
823 2741 987 2812 descriptas,
1006 2740 1158 2792 observans
1174 2743 1289 2794 videlieet

242 2824 277 2876 ab
289 2823 336 2874 illo
348 2825 482 2885 inventas,
494 2820 606 2892 perinde
617 2839 648 2872 ac
661 2821 683 2872 si
695 2820 839 2872 oeconomia
850 2839 880 2872 ac
893 2819 1036 2890 dispositio
1046 2820 1181 2872 AEneidos
1192 2839 1288 2873 causan

242 2903 360 2974 aliquam
371 2903 413 2956 vel
426 2914 579 2973 praetextum
591 2901 654 2953 huie
666 2901 784 2956 Carmiui
796 2900 1022 2971 suppeditaverit,
1034 2918 1120 2970 quum
1133 2903 1220 2954 Turni
1229 2905 1288 2953 inte-

242 2985 308 3034 ritus
327 2980 431 3034 AEueidi
448 2980 541 3045 finem,
559 2995 588 3033 ut
605 2980 682 3032 lliadi
699 2999 770 3031 mors
787 2981 910 3032 Hectoris
922 2981 1061 3050 imposuit.
1077 3009 1114 3020 --
1131 2981 1222 3050 167....
1239 2983 1287 3048 169.

242 3062 343 3134 quoties
355 3073 418 3112 te...
434 3061 545 3112 Tentavi
563 3077 682 3111 revocare
694 3072 744 3112 etc.
758 3061 801 3110 Bis
813 3059 938 3129 quidem:
952 3060 1011 3109 AEn.
1027 3059 1064 3109 XI
1080 3071 1107 3110 et
1122 3061 1183 3110 ΧΗ.
1199 3075 1287 3128 -171,

242 3141 308 3192 Inde
320 3160 366 3213 eqo
379 3150 479 3212 quanta
493 3137 544 3190 tuli
556 3152 606 3191 etc.
619 3140 695 3204 Haec,
709 3151 735 3190 et
747 3157 805 3209 quat
815 3150 976 3208 sequuntur,
988 3156 1020 3189 ex
1028 3139 1089 3188 AEn.
1098 3139 1166 3204 ΧΠ,
1177 3139 1226 3205 31,
1238 3155 1286 3209 sqq.

244 3221 350 3284 confer,
364 3221 386 3270 si
399 3231 491 3289 potes:
788 3218 790 3223 ’
1327 3221 1329 3346 p

346 3315 384 3366 Ex
396 3315 457 3380 illo,
471 3317 516 3386 qui
530 3312 574 3368 me*
583 3333 675 3384 casus,
688 3333 759 3388 quae,
772 3315 876 3380 Turne,
888 3323 1052 3383 sequantur,

347 3396 522 3448 Bellavides!
886 3417 889 3424 ’

345 3477 388 3528 Bis
400 3496 497 3548 magna
508 3478 571 3528 vieti
583 3497 686 3550 pugna,
699 3480 742 3528 vix
755 3476 822 3528 urbe
834 3486 941 3526 tuemur

345 3555 396 3605 Res
408 3555 488 3607 Italas
500 3577 506 3604 ι
520 3556 637 3608 recalent
649 3569 741 3608 nostro
752 3555 887 3628 Tyberina
898 3551 1000 3604 fluenta

347 3632 479 3705 Sanguine
492 3636 595 3703 adhuc,
608 3639 750 3708 campique
762 3639 883 3708 ingentes
896 3632 1003 3686 ossibus
1019 3631 1124 3684 albent.

242 3757 276 3768 --
292 3730 347 3796 ¹76.
359 3749 408 3800 per
419 3743 492 3785 11111111
502 3735 622 3806 pericula
635 3739 700 3809 cepi.
721 3737 777 3789 Nec
789 3735 920 3787 diffitetur
932 3735 1041 3811 Turnus
1054 3733 1133 3804 ipse,
1152 3736 1202 3789 sed
1215 3749 1238 3790 et
1248 3735 1285 3787 de·

243 3818 381 3876 precatur,
395 3808 453 3860 AEn.
466 3814 529 3880 XII⁷
542 3815 593 3884 49:

346 3899 434 3965 Quam
445 3922 495 3973 pro
508 3927 549 3959 me
562 3927 653 3960 euram
665 3911 747 3979 geris,
758 3910 828 3962 hano
840 3923 950 3980 precor,
963 3907 1082 3978 optime,
1096 3925 1153 3979 pro
1166 3927 1210 3962 me

346 3978 486 4051 Deponas,
498 3983 635 4056 letumque
647 3989 718 4042 sinas
731 4009 781 4063 pro
794 3989 874 4044 laude
886 3986 996 4060 pacisci.
