2690 4596
216 299 281 381 434
545 291 761 357 urruns
782 292 930 358 vneu

216 422 328 504 Quum
340 419 485 507 primum
497 417 556 481 feri
570 416 694 505 potuit,
708 416 755 480 sic
768 413 873 480 edidit
885 438 941 479 ore
954 439 960 478 ε

194 601 198 610 1
264 529 388 602 «Nate,
403 524 503 612 patris
515 521 626 602 dolor,
641 539 674 586 et
685 521 779 587 iessae
791 519 979 586 miseranda
990 537 1135 590 senectae

217 635 321 719 Rupta
333 632 443 721 quies,
457 652 524 719 quo
536 651 590 694 rue
602 629 700 694 tantis
708 628 829 717 jactate
841 629 973 716 periclis

217 738 360 816 Duxisti,
375 755 408 800 et
420 736 512 800 saevis
525 734 660 800 taudem
671 731 802 799 devicte
814 735 875 798 sub
887 736 1007 803 armis?

217 844 293 926 Quo
305 860 361 907 tua
374 865 426 906 me
439 859 596 930 praestans
608 840 710 904 animi
722 839 905 904 constantia
918 840 1025 904 vexit?
1233 857 1273 903 200

220 949 283 1014 Hic
295 951 389 1014 clarae
402 949 532 1012 virtutis
544 947 670 1011 honos?
681 946 751 1010 haec
764 945 867 1034 gloria
879 947 1020 1034 sceptri?

219 1058 294 1121 Hoc
307 1055 416 1143 magui
428 1053 529 1118 decus
543 1053 691 1140 imperii?
702 1051 827 1116 talesne
838 1051 1041 1140 triumphos,

219 1166 317 1243 Nate,
332 1162 454 1226 refers?
464 1159 536 1224 haec
548 1161 603 1223 illa
616 1159 883 1248 quies-promisse
895 1159 1026 1247 parenti
1101 1173 1104 1182 ·

220 1269 352 1335 Afflicto
365 1267 481 1332 toties?
492 1265 564 1332 haec
576 1284 663 1330 meta
675 1282 786 1354 optatu
799 1263 970 1330 laborum?
1067 1261 1069 1266 ’

223 1377 299 1439 Heu
311 1375 483 1438 miserum!
499 1395 598 1460 quum
610 1372 795 1462 praecipites
807 1369 951 1434 lubentia
964 1391 1059 1435 casus
1238 1387 1277 1432 255

221 1481 314 1548 Secia
326 1480 461 1566 agitent!
477 1495 601 1566 quantu
613 1479 793 1542 volvuntur
805 1478 870 1541 fata
881 1473 1043 1540 tumultu!

222 1588 287 1670 Qui
297 1586 366 1676 jam
378 1583 536 1649 sublimes
549 1583 715 1647 referebas
728 1583 835 1648 clarus
848 1581 1007 1661 honores,

224 1695 266 1758 Et
278 1712 416 1776 maguus
428 1705 498 1753 toto
511 1689 544 1753 iu
558 1689 668 1768 Lati03
681 1711 782 1778 quem
794 1690 900 1752 Troes
913 1690 946 1750 iu
960 1689 1061 1752 armis

226 1795 455 1874 Horrendum‚
470 1811 503 1858 et
513 1794 635 1883 trepidi
647 1795 746 1860 toties
758 1816 890 1858 sensere
904 1794 1086 1874 furentem,

226 1906 337 1983 Nunc,
352 1902 397 1965 rui
408 1881 537 1979 Turne,
547 1900 652 1990 jaces,
666 1899 891 1965 miserandum
904 1917 937 1966 et
948 1900 1061 1965 flebile
1074 1913 1217 1992 eorpu53
1242 1935 1281 1982 270

267 2099 326 2151 256.
342 2098 430 2167 Quum
440 2098 559 2169 primum
566 2097 627 2167 fari
637 2097 734 2170 potuit.
750 2095 792 2149 Sic
805 2109 832 2150 et
845 2097 931 2150 Maro.
945 2097 1017 2149 Male
1029 2111 1122 2151 autem
1135 2100 1279 2174 legeretur,

231 2197 311 2249 quam
324 2180 452 2248 primum
470 2197 532 2230 nam
550 2176 612 2229 lieet
630 2197 711 2250 quam
731 2190 871 2248 acceptum
887 2196 937 2248 pro
954 2177 1048 2243 valde,
1069 2179 1142 2234 bene
1156 2185 1279 2255 jungetur

233 2255 410 2326 superlativ03
424 2269 514 2307 tamen
525 2273 616 2308 sensus
629 2256 719 2307 nullus
732 2269 809 2308 esset.
823 2257 854 2307 A.

267 2333 326 2403 257.
341 2334 417 2404 fessoe
436 2335 582 2386 miseranda
592 2346 700 2386 senectae
710 2335 796 2404 Rapta
815 2335 895 2408 quies.
918 2335 1035 2387 Ubinam
1049 2351 1090 2390 est
1105 2339 1152 2392 ille
1166 2342 1278 2393 sincerus
1324 2323 1325 2394 i

233 2413 312 2468 dolor
324 2415 405 2468 enimi
424 2417 536 2466 materni
554 2435 632 2486 quern
650 2418 687 2468 sie
705 2417 822 2476 effundit
838 2417 930 2481 Maro,
950 2419 976 2468 iu
996 2417 1044 2469 lib.
1063 2421 1116 2473 lx.
1137 2421 1197 2472 AEn.
1218 2423 1279 2489 481:
1324 2403 1325 2444 Ξ

236 2493 310 2546 Tune
325 2493 373 2545 illa
385 2507 491 2546 senectoe
500 2495 563 2546 Sera
577 2513 640 2546 meoe
653 2496 768 2567 requies!
779 2497 892 2568 potuisti
904 2496 1026 2569 linquere
1036 2499 1123 2550 solum
1131 2540 1140 2565 ‚
1156 2502 1280 2556 Crudelis!
1324 2503 1325 2506 ’

156 2613 159 2620 i
235 2573 336 2626 -260.
347 2585 473 2645 proestans
484 2572 579 2625 animi.
592 2574 634 2626 sic
644 2575 754 2626 Latinus
764 2575 798 2627 ad
807 2575 929 2628 eumdem
938 2579 965 2627 in
976 2577 1143 2630 duodecimo
1154 2583 1229 2647 AEn.,
1238 2585 1281 2654 '192

344 2681 368 2732 Ο
379 2693 507 2751 praestans
520 2683 601 2732 animi
611 2683 730 2751 juvenis,
744 2697 873 2754 quantum
885 2685 942 2755 ipse
955 2683 1041 2736 feroci

342 2761 447 2813 Virtute
461 2777 617 2832 exsuperas,
630 2773 678 2814 etc.

238 2885 274 2896 -
287 2856 346 2908 261.
364 2857 417 2908 Hic
434 2856 511 2910 claroe
527 2859 631 2912 virtutis
648 2858 742 2913 honos!
763 2859 817 2912 hoec
831 2857 920 2932 qloria
936 2859 1046 2930 sceptri!
1060 2859 1106 2913 sic
1123 2862 1285 2916 Evanderis

239 2938 397 3004 undecimo,
414 2940 461 2992 152
478 2961 484 2990 ι

347 3049 409 3098 Non
420 3047 490 3112 haee,
503 3068 520 3100 ο
532 3049 619 3115 Palla,
632 3049 745 3103 dederas
757 3052 890 3122 promissa
902 3051 1022 3120 parenti,

347 3126 456 3178 Cautius
469 3140 499 3178 ut
511 3147 579 3180 saevo
591 3129 672 3180 velles
685 3143 711 3182 te
724 3130 832 3182 credere
845 3131 933 3182 Marti.

241 3233 274 3284 ln
285 3237 379 3287 AEneas
392 3233 426 3284 de
440 3233 548 3300 eodem,
561 3235 611 3300 xi,
623 3235 671 3302 54:

348 3331 382 3381 Hi
395 3333 478 3381 nostri
491 3331 606 3400 reditus,
621 3335 818 3404 exspectatique
831 3332 977 3404 triumphi?

348 3409 410 3459 Haec
422 3429 482 3463 mea
493 3431 591 3484 magna
603 3410 685 3464 fides?

244 3522 289 3573 i—
301 3523 360 3574 263.
373 3524 438 3574 Huc
449 3522 496 3575 illa
508 3528 594 3598 quies!
606 3529 674 3581 male
686 3531 797 3583 iteratur
809 3530 954 3594 sententia,
974 3547 1033 3601 quae
1042 3533 1103 3600 jam
1116 3551 1203 3605 supra
1213 3553 1237 3586 v.
1251 3533 1289 3586 ²5!

245 3599 339 3650 tisdem
351 3602 407 3653 fere
417 3605 506 3670 ¹verbis
518 3625 642 3676 expressa
654 3609 713 3659 fuit.
726 3639 761 3650 -
774 3609 832 3662 265.
851 3610 912 3662 Heu
924 3608 1049 3660 miserum
1057 3613 1167 3682 !xquam
1181 3610 1290 3684 precipi-

241 3695 266 3728 es
279 3691 331 3729 ete.
355 3680 395 3730 En
415 3683 511 3734 iterum
527 3685 665 3757 Maphaeus
678 3687 722 3740 hie
733 3689 881 3742 exclamare
891 3687 958 3738 facit
968 3688 1098 3739 Daunum
1111 3690 1210 3743 iisdem
1218 3692 1290 3742 ferme

244 3756 370 3820 vocibus,
384 3776 463 3827 quam
474 3762 596 3814 Latinum
606 3783 687 3836 supra
696 3786 720 3818 v.
736 3767 799 3835 143:
813 3768 920 3838 parcius
929 3778 1033 3830 tamen,
1044 3767 1095 3818 sed
1107 3785 1166 3818 non
1176 3769 1291 3838 eloquen-

246 3835 307 3884 tius.
324 3833 391 3884 Vide
409 3855 466 3905 quae
482 3841 516 3891 ad
529 3841 600 3895 haue
612 3857 704 3897 notum
714 3859 835 3899 recenter
848 3845 912 3898 editi
922 3844 946 3896 S.
961 3843 1097 3896 Munessis
1112 3846 1289 3898 iudicavimus-

245 3939 276 3949 -
295 3927 353 3980 270.
377 3911 480 4001 ¹Turne,
494 3920 583 3987 jaces,
594 3921 688 3996 flebile
704 3943 803 3995 eorpus.
825 3926 919 3994 Neque
940 3941 997 3988 res,
1019 3941 1113 3993 neque
1134 3924 1232 3990 *erbas
1253 3941 1290 3973 ΠΕ·
1324 3919 1325 3924 i

247 4005 298 4056 que
316 3994 444 4044 orationis
460 4007 563 4050 motum
576 4003 682 4056 variare
696 4003 806 4058 didicit:
821 4025 884 4062 num
895 4003 1010 4058 vidimus
1025 4005 1083 4074 jam
1097 4023 1199 4078 supra,
1216 4024 1240 4056 V·
1256 4002 1290 4056 3⁶·
