2724 4600
349 252 586 320 AENEIDOS
610 255 762 322 LIBER
784 261 823 324 X.

63 379 195 467 AEgaeon
209 376 329 467 qualis,
343 394 476 441 centum
488 378 542 441 cui
553 376 686 442 brachia
699 378 826 460 dicunt,
1015 410 1017 414 ¹
1061 383 1106 445 toi

63 487 294 574 Centenasque
307 505 437 560 manua,
452 483 689 571 quinquaginta
701 485 812 549 oribus
825 486 936 573 ignem

62 590 323 678 Pectoribusque
336 589 466 667 arsisse,
480 589 498 650 J
501 589 571 652 ovis
585 610 687 676 quum
700 589 838 654 fulmina
851 609 965 658 contra

63 699 129 761 Tot
140 695 276 785 paribus
289 709 449 781 streperet
461 693 588 780 clipeis,
602 709 651 756 tot
663 695 836 781 stringeret
848 699 934 762 ensis
947 722 953 758 :

64 801 115 865 Sic
126 815 199 864 toto
213 802 328 862 AEneas
341 797 477 863 desaevit
489 798 523 861 in
537 801 670 886 aequore
682 799 800 878 victor,

66 907 109 969 Ut
121 904 225 969 semel
235 904 377 991 intepuit
387 925 519 980 mucr03
532 903 613 991 quin
627 925 702 967 ecce
715 903 846 991 Niphaei
874 923 876 928 ·

65 1011 284 1101 Quadrijuges
296 1011 331 1075 in
343 1033 447 1098 equos
459 1008 661 1097 adversaque
674 1027 809 1097 pectora
822 1011 941 1093 tendit3

66 1120 173 1206 Atque
186 1117 248 1197 illi,
261 1117 359 1203 longe
371 1113 574 1202 gradientem
587 1131 620 1178 et
632 1113 702 1178 dira
714 1116 910 1181 frementem

66 1224 110 1286 Ut
122 1221 252 1301 videre,
265 1238 356 1285 metu
367 1221 467 1299 versi,
482 1236 636 1308 retroque
648 1236 796 1300 ruentes,

67 1327 321 1416 Effunduntque
335 1325 468 1404 ducem,
482 1327 679 1414 rapiuntque
692 1324 734 1389 ad
747 1327 843 1391 litora
854 1351 979 1394 currus.

67 1436 198 1498 Interea
211 1432 330 1522 bijugis
343 1433 442 1496 infert
454 1454 490 1496 se
502 1434 650 1518 Lucagus
663 1430 744 1495 albis
1063 1452 1107 1514 575

67 1542 106 1604 ln
118 1538 261 1618 medioS,
276 1538 441 1626 fraterque
456 1537 567 1624 Liger3
581 1536 638 1600 sed
652 1537 752 1601 frater
764 1537 901 1605 habenis

3 1713 5 1720 ,
67 1644 184 1711 Flectit
197 1665 300 1732 equos
313 1667 319 1706 :
333 1644 482 1708 strictum
493 1659 580 1707 rotat
591 1665 666 1706 acer
678 1645 827 1731 Lucagus
841 1668 964 1710 ensem.

99 1831 152 1876 565.
167 1832 262 1893 AEqoeon
273 1840 319 1885 eet,
330 1821 437 1890 Αἰγαίων.
449 1852 481 1864 -·
492 1828 544 1874 566.
556 1828 646 1874 orbibus
659 1830 739 1874 Franc.
754 1829 846 1875 auribus
857 1831 915 1876 alter
928 1832 1053 1896 Hamburg.
1068 1852 1112 1899 pro

69 1916 117 1947 var.
130 1900 185 1945 lect.
195 1924 226 1934 -
238 1899 288 1944 568.
301 1907 324 1943 et
334 1903 451 1962 striuqaret
459 1902 535 1960 sprot,
543 1925 574 1936 —
585 1900 636 1960 569.
647 1899 745 1944 descedit
755 1900 823 1944 Goth.
834 1913 886 1946 terr.
897 1905 920 1946 in
928 1906 1014 1965 aqmiue
1023 1905 1113 1968 aliquot

70 1972 131 2015 Pier.
142 1980 165 2014 et
175 1966 241 2014 Leid.
255 1993 286 2003 -
301 1969 352 2029 570.
365 1967 474 2030 Nyplioei,
489 1971 567 2031 Nipei,
579 1967 660 2030 Bipbei
667 1969 692 2012 in
706 1967 764 2013 aliis.
779 1969 838 2026 Quin
846 1979 869 2014 et
882 1970 936 2032 Ufei
943 1971 985 2016 Ed.
999 1989 1035 2034 pr.
1051 1975 1113 2020 Bm·-

71 2053 150 2084 mann.
159 2063 191 2072 -
201 2039 254 2099 571.
268 2037 416 2102 Quadrijuqos
430 2038 519 2100 aliquot
528 2040 589 2084 Picr.
602 2036 671 2082 Goth.
683 2048 735 2082 tert.
747 2050 770 2083 et
780 2038 822 2082 Ed.
833 2054 868 2099 pr.
878 2041 1003 2084 Burmann·
1015 2041 1114 2099 Quadri-

65 2113 127 2173 juqt's
137 2112 161 2154 in
173 2111 237 2172 equis
246 2108 331 2154 Medic.
342 2126 354 2154 a
365 2125 394 2152 m.
409 2125 445 2170 pr.
457 2120 479 2154 et
488 2109 538 2153 hini
549 2110 673 2152 Burmann.
688 2131 719 2142 -
734 2108 785 2169 572.
797 2104 860 2151 illum
871 2107 963 2170 Menag.
976 2126 1011 2170 pr.
1023 2119 1045 2156 et
1054 2112 1113 2158 dura

68 2179 168 2226 Dorvill.
183 2203 215 2214 -·
229 2179 281 2241 573.
300 2189 402 2242 retroque
412 2181 511 2240 fluentes
527 2177 585 2224 alter
603 2177 728 2239 llamburg.
746 2203 777 2214 —
794 2178 845 2240 575.
867 2182 890 2223 in
904 2179 967 2225 litore
985 2181 1039 2227 edd.
1058 2183 1111 2229 Ald.

69 2267 106 2312 pr.
120 2261 144 2297 et
163 2247 214 2294 aliae
235 2261 288 2294 ante
308 2250 368 2296 Pier.
392 2265 446 2294 cum
464 2249 564 2294 Gudian.
584 2249 657 2310 Bigot.
674 2259 697 2294 et
716 2264 752 2310 pr.
767 2249 891 2311 Hamhurg.
913 2253 936 2294 iu
958 2249 1024 2296 litem
1041 2251 1113 2298 Goth.

70 2333 138 2378 tert,
157 2334 181 2367 et
196 2331 274 2383 potest
291 2319 389 2366 alterum
405 2319 465 2364 illud
483 2335 527 2381 pro
544 2321 736 2380 interpretatione
757 2334 806 2366 esse
825 2318 932 2376 alterius3
950 2332 999 2366 tum
1020 2339 1114 2368 currum

70 2392 153 2452 optimi
173 2392 277 2453 quique,
296 2391 372 2452 iuquit
393 2391 531 2444 Burmann,
552 2391 632 2451 sicque
656 2389 721 2434 Rom.
748 2401 771 2434 et
791 2389 849 2436 alius
871 2391 946 2436 Vatic.
967 2407 1020 2436 cum
1043 2393 1112 2438 Goth.

70 2478 130 2518 sec,
149 2461 192 2508 sed
206 2476 287 2508 eunus
304 2464 375 2522 magis
390 2463 516 2522 poeticum.
534 2477 553 2505 r.
572 2461 603 2505 ad
620 2459 634 2504 l.
654 2475 734 2506 cursus
750 2459 840 2522 aliquot
856 2463 916 2507 Pier.
931 2487 961 2498 -·
977 2462 1028 2524 575.
1046 2465 1114 2528 Lipa-

68 2548 111 2596 9us
118 2534 173 2578 Exc.
182 2533 259 2578 Burni.
266 2533 361 2596 Lbaqus
370 2531 441 2578 Goth.
451 2545 497 2576 aec.
509 2541 531 2576 et
540 2546 601 2577 mox.
610 2555 641 2566 -
648 2529 700 2592 576.
710 2531 738 2577 1η
750 2531 876 2594 audiesque
885 2533 951 2596 Liqer
956 2531 1035 2593 frater
1043 2532 1113 2579 Goth.

72 2615 124 2649 tert.
886 2615 889 2627 ¹

72 2758 195 2833 Amyclas
204 2761 295 2813 tacitas
303 2761 381 2827 dixit,
392 2761 510 2832 epitheto
518 2761 571 2812 huc
616 2759 681 2827 404,
695 2780 777 2831 quum
790 2762 859 2817 inter
868 2760 991 2830 Gigantes
1004 2777 1063 2810 eum
1075 2777 1114 2811 re·

73 2853 190 2892 retracto
203 2840 237 2892 ab
254 2840 341 2892 alteris
356 2839 470 2910 Amyclis
486 2841 572 2891 Laco·
615 2839 686 2890 ferre
700 2839 836 2905 videatur,
850 2841 895 2908 qui
909 2839 1050 2909 Olympum
1063 2857 1115 2909 op-

73 2923 156 2985 nicae,
171 2919 527 2991 qnaeabnchreishabitatae,
541 2935 572 2970 ac
618 2931 746 2988 pugnant.
773 2917 925 2968 Pectoribus
948 2915 1022 2966 addit
1045 2916 1115 2984 567,

74 3001 121 3051 diu
133 3002 239 3052 fortiter
251 3012 424 3070 propugnata
438 2998 545 3050 tandem
558 3016 575 3048 a
619 2998 681 3064 quia
693 2995 766 3047 efllat
775 2998 876 3068 ignem,
889 3007 918 3045 ut
929 2995 1013 3045 Cacus
1025 3012 1116 3064 supra,

3 3075 5 3088 ’
73 3079 249 3131 Doriensibus
260 3091 413 3150 expugnatae
424 3091 485 3128 sunt
496 3101 501 3128 ι
512 3077 574 3128 hos·
619 3088 648 3126 ut
660 3075 809 3146 Typhoeus,
826 3089 852 3127 et
863 3087 903 3124 tot
920 3074 972 3125 alia
988 3087 1115 3126 monstra.

74 3161 142 3210 tium
163 3160 235 3210 enim
255 3157 370 3208 adventu
389 3175 457 3227 saepe
474 3169 572 3208 temere
617 3163 656 3204 tot
664 3153 787 3222 paribus,
802 3155 861 3224 pari
877 3171 1002 3217 numero,
1015 3153 1117 3205 scilicet

74 3239 213 3303 nuntiato,
227 3256 309 3308 quum
321 3256 383 3288 vere
395 3235 477 3287 hostis
489 3236 575 3287 venis·
619 3234 813 3304 quinquaginta
821 3232 928 3302 clipeos.
938 3232 991 3296 Sic,
1004 3255 1014 3277 u
1025 3245 1054 3282 ut
1061 3239 1117 3288 uon

76 3332 130 3382 set,
141 3320 247 3371 nemine
260 3320 414 3382 nuntiante,
427 3329 454 3369 et
467 3314 575 3367 tacenti·
619 3331 699 3364 unam
713 3330 820 3363 manum
833 3324 954 3383 putares,
974 3321 1026 3362 toto
1038 3326 1088 3364 etc.
1102 3339 1114 3362 ι

75 3397 267 3461 busomnibus,
280 3396 432 3465 urbscapta
441 3407 488 3447 est.
499 3395 576 3446 Cete-
619 3394 690 3446 Serv.
715 3391 814 3442 Locum
836 3392 905 3442 bene
926 3391 1064 3443 transtulit¹
1082 3393 1118 3446 ad

75 3496 107 3530 ra
118 3477 173 3528 vid.
186 3478 214 3526 in
226 3477 333 3526 Excurs.
346 3477 370 3526 Il
384 3474 418 3526 ad
432 3473 458 3524 b.
472 3473 529 3524 Lib.
619 3471 738 3544 Tydeum
748 3471 859 3537 Statius,
871 3472 895 3520 ΙΙ
906 3469 990 3521 Theb.
1002 3469 1053 3539 595
1065 3490 1105 3543 sq.

113 3555 164 3610 565
184 3574 258 3626 seqq.
278 3553 424 3626 Splendida
437 3569 575 3622 compara·
655 3550 715 3618 572.
740 3548 817 3622 loupe
837 3548 1014 3620 prodientem
1031 3549 1118 3624 longis

76 3639 124 3688 tio.
149 3636 203 3702 Qui
226 3636 327 3704 primus
350 3652 421 3684 nunc
438 3631 576 3700 ,deductus
621 3628 748 3702 gradibus
764 3628 946 3690 incedentem
966 3647 1020 3680 non
1032 3645 1047 3682 ‘e
1059 3633 1119 3684 lon-

76 3729 135 3769 erat
155 3719 184 3766 in
206 3714 326 3786 praelium
346 3715 455 3778 AEneas,
478 3722 577 3780 quanta
621 3704 1121 3780 ginquo:papdsssssdmeMaguilicum

77 3798 190 3860 virtute,
203 3813 257 3865 quo
265 3795 356 3845 furore
366 3791 394 3842 fit
402 3792 575 3860 conspicuus!
621 3795 685 3841 varo
694 3802 719 3839 et
727 3788 779 3839 hoc
787 3787 912 3846 deAEnea
925 3800 950 3839 et
962 3807 1022 3838 mox
1032 3808 1056 3839 v.
1067 3791 1120 3861 579

78 3876 164 3942 Aliter
170 3873 343 3944 deAEgaeone,
354 3890 400 3924 seu
409 3872 517 3922 Briareo
528 3881 580 3920 tra·
624 3871 714 3942 ingens
726 3865 956 3940 apparuit-575
969 3866 1027 3938 sqq.
1041 3869 1121 3920 Com-

79 3955 227 4028 dit,¹quarn
238 3955 367 4006 Homerus
377 3950 453 4004 Iliad.
467 3948 578 4020 e‚4o3‚
623 3967 719 4019 parare
731 3948 817 4002 solent
832 3946 907 4000 Iliad.
927 3963 957 4011 s,
980 3962 1024 3999 iot
1044 3949 1118 4026 seqq.
