2690 4598
227 331 269 396 38
472 329 506 391 P.
530 321 762 389 VIRGILlI
784 324 1019 392 Minonis

228 455 304 516 Haec
316 450 414 539 rapit,
428 465 527 538 atque
539 447 685 512 humeris
697 444 921 536 nequidquam
936 446 1076 512 fortibus
1087 463 1189 536 aptet.

225 559 313 622 Tum
325 557 449 644 galeam
461 555 604 642 Messapi
616 553 774 631 habilem,
789 553 961 640 cristisque
974 551 1128 618 decoram
1227 565 1274 612 sos

224 662 355 727 Induit:
370 659 532 727 excedunt
544 660 670 739 castris,
685 673 718 723 et
730 673 799 722 tutu
812 675 996 746 capessunt.

267 770 396 832 Interea
408 766 565 856 praemissi
578 766 705 854 equites
719 787 758 828 ex
769 763 852 827 urbe
864 763 994 843 Latina,

223 876 338 938 Cetera
353 872 433 937 dum
444 873 530 962 legio
543 872 665 960 campis
678 871 835 936 instructa
847 887 1007 950 moratur,

223 979 330 1057 Ibant,
345 995 378 1042 et
388 980 504 1042 Turno
515 979 602 1065 regis
615 997 772 1065 responsa
785 975 950 1055 ferebant,

219 1165 285 1226 potiti
295 1161 402 1209 Heinsius
412 1161 519 1210 eMedie.
530 1175 665 1226 receperat:
675 1161 739 1225 quod
748 1161 834 1208 iactum
843 1159 943 1218 nollem
955 1173 990 1208 est
998 1162 1061 1207 enim
1069 1159 1153 1207 vitium
1162 1157 1270 1218 librarii,

220 1247 268 1278 non
275 1231 353 1278 lectio.
366 1235 419 1278 Post
426 1245 523 1280 mortem
531 1233 635 1288 Remuli,
647 1244 733 1295 nepote
741 1235 765 1277 ln
772 1232 853 1295 praelio
860 1245 930 1289 creto,
940 1229 1013 1278 balteo
1020 1229 1058 1276 illo
1065 1233 1133 1292 potiti
1142 1242 1209 1275 erant
1216 1231 1269 1276 Bn-

220 1303 277 1360 tuli,
289 1301 459 1366 Rhamnetique
475 1303 541 1350 illurn
548 1339 555 1360 ,
562 1304 600 1351 vel
607 1306 632 1350 in
641 1304 724 1366 prede
735 1317 814 1366 parte,
824 1300 861 1350 vel
868 1315 893 1350 ut
905 1299 999 1364 &pretist
1010 1301 1130 1350 dederant.
1139 1299 1190 1348 Boc
1197 1315 1270 1364 poeta

221 1376 290 1422 ell'ert
300 1392 306 1421 ε
317 1373 396 1422 balteo
408 1379 494 1438 potitos
506 1393 555 1423 esse
566 1376 663 1422 Rutulos
679 1375 736 1422 bello
750 1391 869 1440 puqnuque
878 1389 887 1421 .·
896 1375 949 1422 nee
960 1388 1020 1438 taepe
1030 1377 1108 1438 jungit
1120 1385 1202 1419 noster
1212 1389 1270 1418 cum

221 1441 284 1499 aliis,
296 1456 323 1488 ut
334 1445 447 1491 llomerus
458 1444 554 1508 πολΙμφ
565 1461 591 1491 qs
605 1441 680 1506 μάχῃ
693 1461 728 1492 cs.
746 1455 838 1492 mortem
852 1459 994 1510 perquamque
1003 1443 1085 1491 dubito
1096 1460 1126 1490 an
1137 1457 1205 1505 eque
1216 1455 1269 1488 am-

219 1514 353 1578 plectantur
363 1529 446 1578 poetae.
457 1518 579 1581 pedeque
594 1520 660 1580 potiti
675 1519 740 1563 llom.
750 1515 816 1564 Voss.
830 1530 854 1564 et
864 1531 907 1580 pro
918 1533 966 1564 rar.
978 1517 1032 1564 leet.
1047 1515 1130 1561 Moret.
1143 1525 1198 1559 tert.
1210 1527 1268 1557 curn

220 1584 289 1631 Goth.
302 1601 362 1641 see,
375 1599 397 1632 et
409 1590 441 1634 sic
454 1588 490 1633 ed.
503 1587 555 1634 Ald.
572 1587 629 1645 riri
639 1604 666 1634 ex
678 1589 786 1652 Nauqedi
797 1587 972 1643 emendatione,
985 1601 1084 1652 quaque
1093 1585 1148 1632 hinc
1162 1581 1267 1638 flnxere;

219 1653 340 1700 manifeste
353 1658 475 1718 repetinrm
486 1657 528 1702 inl.
542 1673 569 1704 ex
579 1673 611 1705 rs.
627 1657 679 1714 dio.
690 1659 709 1702 Δ
720 1658 877 1704 Benedictinit
892 1656 1010 1705 monachis
1030 1657 1118 1715 (Nouo.
1131 1657 1171 1700 Tr.
1182 1653 1211 1698 de
1220 1652 1266 1696 Di-

218 1721 428 1787 plomott'que'l'om.
445 1726 487 1780 ΙΙΙ,
501 1743 525 1788 p.
539 1728 580 1772 152
595 1730 661 1790 sqq.)
673 1727 814 1774 describitur
830 1727 904 1774 codex
919 1730 1056 1790 rescriptam,
1074 1728 1157 1787 inquo
1167 1721 1223 1767 folia
1236 1737 1266 1767 ex

218 1805 297 1840 vetere
313 1796 379 1856 Aspri
391 1795 490 1858 Virgilio
506 1795 651 1860 deprehensa
669 1811 730 1843 sunt.
750 1798 856 1844 Laudant
874 1798 930 1844 ibid.
946 1799 1072 1845 variantem
1091 1794 1218 1840 lectionem
1235 1805 1265 1837 ex

217 1865 330 1910 AEneide:
344 1863 464 1935 epulisque
477 1871 545 1930 petiti
557 1885 602 1930 pro
616 1869 738 1932 predaque
755 1885 792 1932 μ,
812 1858 882 1931 quam
892 1868 955 1915 adli.
966 1868 982 1914 Ι.
996 1879 1100 1930 spectare
1112 1877 1208 1910 necem
1221 1873 1264 1907 est.

216 1935 324 1980 Ceterum
336 1937 360 1980 in
373 1937 563 1998 interpretatione
575 1939 621 1984 loci
633 1953 726 2000 maqnas
735 1939 815 1985 turnus
825 1939 902 1986 iecere
914 1951 1004 1985 veteres
1015 1940 1167 1998 interpretem
1175 1929 1263 1978 96Ιαί.

216 2005 294 2052 Sabin.
307 2006 391 2052 Donat.
403 2007 449 2052 Sed
465 2007 593 2054 adscribam
603 2011 677 2056 Servii
686 2009 756 2061 verba
767 2025 773 2055 ε
783 2018 836 2072 poet
846 2018 950 2064 mmmm,
962 2010 1052 2071 inquit,
1064 2004 1149 2052 seilicet
1161 2000 1263 2056 Remuli,

215 2077 338 2132 secundum
352 2093 422 2139 supra
434 2080 518 2124 dutum
527 2094 630 2135 sensum,-
642 2095 695 2126 etam
704 2079 807 2127 Donatus
816 2082 870 2126 dicit
879 2097 886 2125 .·
898 2082 953 2127 Post
961 2089 1054 2126 mortem
1063 2080 1115 2124 Nisi
1122 2085 1145 2121 ct
1153 2072 1265 2134 Euryali,

214 2145 273 2192 tetta
281 2151 346 2208 potiti
353 2157 407 2193 sunt
415 2149 495 2195 liunsli
503 2153 510 2209 i
517 2151 565 2196 haec
575 2154 607 2207 is,
619 2168 689 2215 quem
701 2168 765 2198 nunc
774 2154 890 2198 Donatum
900 2152 991 2207 ierunt,
1002 2167 1050 2197 non
1059 2149 1143 2204 hahet,
1152 2146 1194 2194 sed
1204 2160 1265 2191 cnn-

212 2219 306 2262 trariam
318 2218 533 2282 interpretationem
545 2221 626 2281 affert)
638 2239 643 2268 ε
656 2224 718 2287 quod
726 2239 770 2269 non
777 2225 889 2286 procedit,
900 2227 921 2269 si
936 2222 1053 2288 diliqenter
1067 2222 1181 2268 advertas.
1202 2217 1262 2262 saue
1333 2241 1334 2260 1

213 2287 339 2343 serendum,
354 2287 426 2335 Deum
438 2290 497 2336 hunc
512 2307 560 2337 esse
576 2309 646 2337 unum
661 2295 688 2339 de
704 2295 754 2340 XII
764 2295 818 2353 (alii
831 2293 897 2355 llllll
917 2293 1017 2360 Virqr'lii,
1038 2298 1083 2340 sive
1097 2307 1139 2355 per
1154 2297 1262 2335 naturum

214 2357 327 2413 obscuris,
338 2361 384 2404 sine
393 2359 557 2416 irnolubilrlsus,
571 2367 616 2410 siue
631 2365 789 2410 emendandis.-
803 2368 849 2410 st've
859 2369 891 2412 sic
901 2364 996 2422 miscus,
1009 2375 1035 2411 ut
1042 2383 1056 2411 n
1065 2363 1127 2410 nobis
1135 2377 1178 2425 per
1189 2359 1261 2404 heito·
1292 2405 1297 2412 .

214 2431 255 2473 riae
263 2432 362 2492 ortuque
374 2432 521 2493 t'qttornnttnm
531 2431 613 2497 liquide
628 2449 674 2481 nost
689 2434 848 2500 inteld'qotttur.
860 2437 923 2482 Bene
934 2437 1054 2484 nobiscum
1067 2447 1145 2481 actum
1157 2443 1229 2485 esset,
1241 2429 1261 2475 ti

215 2498 295 2545 nullus
300 2499 364 2545 locus
369 2501 489 2548 obscurior
494 2516 517 2550 et
523 2503 895 2564 difficilioroccnrreretllllortem
900 2505 997 2568 Euryali
1002 2507 1041 2554 alii
1047 2505 1262 2559 intellexere,cum·

214 2582 261 2631 que
268 2569 296 2613 iis
303 2569 428 2631 Cuninqlr,
435 2584 485 2620 toto
492 2571 537 2619 loei
545 2588 613 2620 sensu
620 2577 694 2621 inciso
702 2587 725 2622 et
733 2592 821 2627 everso.
829 2579 920 2624 Frustra
928 2578 1053 2624 turbatum.
1061 2575 1122 2621 Vide
1129 2576 1261 2619 Noram.-

212 2639 266 2686 365.
280 2643 414 2704 nutumque
430 2641 490 2689 alter
501 2645 627 2708 llamburq.
639 2671 670 2682 -
682 2646 737 2693 366.
749 2657 845 2694 streuui
859 2664 880 2694 c.
897 2647 966 2694 Goth.
981 2660 1034 2694 tert.
1046 2673 1077 2684 -
1089 2645 1142 2706 369.
1155 2647 1203 2709 reqi
1213 2656 1259 2689 tres

211 2710 304 2764 Bur-m,
323 2710 366 2755 aed
383 2713 400 2756 ii
418 2715 586 2770 recentissimi,
605 2717 687 2762 Franc.
700 2718 756 2779 neg,
769 2731 792 2764 et
803 2717 901 2764 Dorvill.
920 2720 1074 2765 Consentiunt
1085 2729 1132 2762 tres
1144 2714 1258 2768 Gothum,

213 2778 254 2825 sed
264 2781 305 2842 qni
313 2794 357 2826 nec
367 2782 461 2844 majoris
468 2785 538 2844 pretii
548 2796 609 2830 sunt.
618 2789 666 2850 reqt'
673 2787 751 2832 Turno
757 2803 792 2850 pr.
801 2787 897 2842 Hamb.;
907 2787 966 2833 forte
974 2786 1069 2842 melius,
1081 2786 1159 2846 inquit
1166 2785 1261 2836 Burmi

214 2864 268 2920 nam
280 2850 375 2896 Latinus
383 2850 490 2898 mandata
499 2853 554 2900 dare
562 2867 610 2899 non
619 2859 709 2917 potuit,
721 2857 762 2919 qui
770 2854 811 2901 lib.
820 2853 875 2910 Vll,
885 2854 943 2911 600,
953 2855 1027 2918 Sepsit
1033 2870 1057 2901 se
1068 2857 1129 2900 tectis
1139 2866 1259 2914 rerumque

211 2917 303 2985 reliquit
316 2919 421 2967 habenas.
433 2923 540 2970 Attamen
549 2924 587 2971 vel
599 2927 631 2972 sic
643 2930 767 2991 queritur,
780 2943 792 2972 a
804 2941 906 2990 quonam
917 2941 1026 2989 responsa
1037 2925 1083 2972 lata
1095 2923 1200 2971 fuerint?
1213 2923 1258 2967 La-

212 2994 287 3038 tinum
299 3009 335 3039 res
347 3007 394 3038 non
406 2996 437 3039 ita
449 2994 593 3053 destituisse,
612 3011 659 3060 quo
671 3001 748 3044 minus
759 2998 787 3044 iis
797 3001 1107 3061 posteaiteruminteresset,
1122 3011 1152 3042 ex
1161 2994 1203 3040 lib.
1213 2994 1259 3048 xl,

212 3059 253 3107 231
269 3078 303 3127 sq.
316 3064 369 3111 satis
381 3079 485 3128 apparet.
499 3067 529 3113 ci.
541 3069 605 3115 Serv.
619 3069 649 3114 ad
659 3087 680 3116 e.
691 3069 744 3132 367.
757 3069 824 3116 ldem
834 3069 896 3130 hene
908 3069 938 3115 ad
948 3085 971 3116 v.
984 3067 1030 3131 369
1041 3067 1181 3114 lnomnt'bus
1196 3065 1258 3111 bonu

120 3231 124 3238 “
212 3235 247 3268 ⁸¹*
262 3217 330 3281 ique,
341 3220 398 3270 tte·
414 3220 485 3290 eipso
502 3225 607 3278 Homer.
620 3227 707 3298 simpl.
757 3227 910 3280 narratione
932 3227 1122 3298 intelliguntur.
1145 3227 1256 3276 Praeces-

212 3293 295 3348 dedit.
306 3325 340 3336 -·-
351 3299 411 3365 364.
427 3303 602 3376 nequicquam
618 3317 705 3377 aptat,
757 3319 827 3359 serat
836 3309 941 3358 Turnus
950 3325 1010 3358 cum
1017 3305 1141 3377 expedito
1152 3305 1257 3376 agmine

212 3392 267 3425 non
279 3373 422 3439 fruiturns;
434 3392 464 3429 nt
475 3379 564 3446 Serv.;
577 3397 642 3454 puta
654 3403 708 3436 res·
757 3384 793 3436 ed
809 3399 896 3438 castra
909 3387 1085 3455 Trojanornm
1101 3399 1254 3455 expugnatr-
1329 3447 1330 3460 ¹

210 3464 292 3524 pactu
304 3452 475 3522 calamitatis,
493 3477 573 3530 quam
585 3475 708 3532 acceptu·
757 3462 800 3515 dn.
814 3465 918 3516 lnteree
927 3463 1198 3515 inurbeLanrentnm
1210 3479 1256 3512 co·
1329 3461 1330 3482 ¹

209 3548 254 3583 rus
267 3542 321 3596 est,
341 3530 404 3582 dum
420 3551 468 3604 per
486 3557 546 3590 eum
564 3540 706 3612 impeditus
756 3558 854 3616 guntur
861 3544 1003 3616 copiae.Ad
1010 3561 1101 3596 eanum
1111 3543 1255 3596 adventum

208 3609 332 3680 proditur
341 3627 408 3662 vers.
417 3611 476 3680 384.
486 3613 609 3686 labilem
618 3633 707 3690 aptam
757 3622 960 3676 accelerandum
974 3626 1081 3674 miseret
1098 3623 1205 3673 Turnus
1221 3619 1253 3673 ad
1328 3635 1329 3678 ἕ

209 3688 305 3778 capiti3
319 3705 375 3739 esse
386 3689 491 3742 videtur
501 3695 670 3749 Homericum
683 3693 709 3749 su*
756 3719 843 3774 regem
853 3703 975 3754 Latinum
987 3723 992 3752 =
1007 3721 1023 3753 a
1035 3717 1102 3773 quo,
1113 3701 1176 3752 dum
1186 3687 1254 3753 eete-

211 3769 331 3836 §pepusam
344 3769 416 3818 0⁰nf·
428 3787 485 3842 sup.
500 3772 534 3823 od
546 3775 572 3839 Ι,
588 3775 648 3828 3ι8.
755 3787 789 3832 iae
802 3783 884 3852 copiae
896 3783 1076 3846 instruuntur,
1086 3783 1252 3853 praemittun-

244 3845 304 3912 367.
315 3862 373 3916 sqq.
387 3847 490 3898 Interea
498 3852 624 3920 premissi
632 3856 707 3926 equi·
753 3870 798 3910 tur
804 3864 915 3912 trecenti
928 3863 1039 3931 equites.
1051 3861 1081 3912 ln
1093 3857 1143 3912 hos
1161 3863 1252 3932 ipsos,
1327 3865 1328 3878 ¹

212 3937 246 3978 tes
255 3942 287 3975 ex
297 3924 369 3989 urbe,
378 3936 428 3978 etc.
440 3926 570 3982 Subticuit
579 3947 706 4004 poetasa-
754 3936 817 3988 dnm
828 3939 862 3990 ad
872 3953 959 3991 castra
969 3942 1203 4011 appropinquant,
1213 3940 1251 3988 in-

208 4007 312 4076 pienter
337 4005 478 4073 nonnulla,
505 4027 562 4078 quae
593 4029 623 4062 ex
646 4012 706 4083 ipsa
753 4015 845 4069 cidunt
863 4019 954 4071 miseri
969 4019 1048 4071 Nisus
1067 4031 1094 4072 et
1111 4017 1249 4091 Euryalus.
