2690 4598
304 314 538 384 AENEIDOS
562 317 715 381 LIBER
738 313 800 380 IX.

56 445 161 524 Albani3
174 460 248 506 tum
260 463 319 506 rex
331 442 455 506 stabula
467 440 531 505 alta
544 440 677 505 Latinus
689 439 840 504 habebnt.

58 553 87 614 Ut
95 551 193 630 stetit,
208 565 241 612 et
253 549 374 612 frustra
387 547 557 611 absentem
569 546 710 634 respexit
721 546 880 631 amicum}

61 655 218 745 «Euryale,
233 653 347 717 infelix
360 676 424 741 qua
436 653 615 738 te‘regione
628 652 764 740 reliqui?
1030 661 1074 722 390

58 764 146 844 Quave
160 761 299 849 sequar?
309 788 323 817 a
339 780 451 822 rursus
464 741 657 846 perplexum
669 757 731 822 iter
743 778 841 821 omne
853 753 1025 818 revolvens

58 958 160 1004 Ronanus.
173 959 264 1003 Pierius
276 955 336 1002 nihil
347 957 454 1001 monuit:
469 953 510 1000 sed
526 969 569 1000 nec
582 953 650 999 aliter
661 950 701 997 ille
713 950 796 1013 legisse
807 966 833 996 ac
845 951 957 1013 reperisse
968 946 1077 993 videtur:
1149 952 1155 960 '

57 1031 130 1074 nausie
141 1029 191 1074 fere
200 1039 256 1073 vett.
269 1027 324 1072 edd.
338 1042 430 1080 omnes,
450 1040 507 1088 quas
523 1025 621 1086 inspexi.
634 1024 681 1068 Nec
692 1019 754 1067 locus
765 1023 810 1084 nisi
819 1020 848 1066 ab
862 1018 1022 1066 emendatione
1033 1019 1077 1062 viri

58 1099 100 1144 docti
114 1099 258 1161 profectum,
271 1113 342 1160 quem
354 1099 392 1142 Jo.
404 1099 470 1158 Bapt.
482 1096 604 1156 Egnatium
615 1093 685 1138 luisse
702 1093 812 1146 arbitror,
825 1092 850 1135 iu
866 1091 932 1151 cujus
941 1088 1077 1132 recensione

58 1173 138 1230 prinum
150 1169 211 1215 lacus
223 1185 357 1232 expressum
368 1167 530 1231 deprehendi:
547 1165 612 1228 quod
631 1176 761 1226 sequuntur
776 1161 882 1207 Pulman.
901 1157 979 1220 Steph.
998 1157 1077 1216 Heius.

20 1243 21 1264 ¹
58 1242 183 1288 Nscvasiant
192 1240 275 1296 codd,
286 1241 331 1286 nisi
342 1237 406 1302 quod
418 1235 526 1283 nonnulli
539 1234 600 1280 lucos
611 1233 647 1279 vel
660 1231 723 1278 lucus
734 1235 816 1278 vitiose
827 1229 948 1282 exhibent,
961 1225 1022 1272 locus
1031 1224 1076 1268 Erf.

20 1325 21 1328 ¹
57 1311 92 1354 lan
100 1313 125 1354 in
136 1309 237 1355 lectione
247 1306 287 1354 illa
298 1325 304 1353 :
318 1307 379 1354 lucus
390 1323 473 1370 magna
483 1305 601 1351 suboritur
613 1303 749 1358 difficultas,
761 1304 780 1348 si
790 1301 894 1346 locorum
904 1299 973 1342 situm
984 1309 1078 1354 compa·

57 1391 81 1424 ret
92 1379 174 1442 aliquis
191 1378 234 1437 (cf.
252 1394 303 1440 sup.
319 1381 372 1424 Not.
391 1378 421 1423 ad
436 1395 458 1423 v.
478 1377 541 1436 195).
561 1377 634 1419 Lacus
644 1375 705 1419 enim
715 1373 816 1418 Albanus
825 1371 894 1416 nimis
904 1367 972 1428 longe
983 1382 995 1410 a
1005 1376 1079 1410 castro

57 1451 191 1513 Trojanorum
204 1466 246 1496 seu
261 1466 321 1497 nova
330 1451 412 1512 Troja,
424 1450 543 1512 quaternis
559 1445 639 1492 saltem
655 1445 740 1500 leucis,
757 1445 832 1499 abest,
845 1457 914 1506 quam
923 1451 949 1483 ut
957 1440 1018 1482 intra
1028 1437 1079 1481 exi-

57 1537 123 1580 guum,
144 1520 207 1584 quod
217 1537 229 1566 a
238 1522 316 1566 media
325 1532 393 1566 nocte
403 1518 490 1564 addici
500 1529 576 1564 ortum
585 1527 718 1578 supererat,
730 1512 880 1560 intervallum
896 1526 923 1556 eo
936 1522 1011 1570 usque
1020 1519 1078 1566 pro·

57 1606 133 1638 currere
143 1606 165 1638 et
174 1595 259 1638 iterum
268 1592 325 1637 inde
335 1590 402 1637 silvas
411 1590 488 1636 redire
498 1589 657 1650 possetllisus.
665 1588 747 1632 lluaeus
756 1589 847 1648 itaque,
860 1597 930 1646 quem
939 1594 1002 1624 nunc
1011 1575 1080 1622 video

58 1662 105 1707 adh.
115 1663 130 1707 l.
141 1663 280 1720 offendisse,
293 1661 352 1708 locos
360 1663 466 1724 praefert,
478 1671 504 1706 ut
515 1675 567 1721 pars
578 1658 654 1721 aliqua
665 1660 713 1719 agri
723 1657 804 1702 Albani
821 1659 862 1710 sit,
875 1655 915 1717 qui
925 1664 974 1697 tum
983 1649 1042 1694 lorte
1053 1662 1081 1692 eo

57 1735 179 1791 pertinebat.
192 1735 317 1780 Enimvero
326 1747 373 1778 non
383 1734 473 1777 minore
484 1729 620 1775 difficultate
631 1728 680 1774 haec
689 1730 738 1789 ipsa
747 1726 817 1772 lectio
827 1725 948 1788 premitur.
957 1722 989 1765 Ut
998 1733 1083 1765 conce-

20 1837 21 1864 .
57 1802 94 1848 darn
102 1804 158 1851 locos
166 1817 259 1867 poetam
269 1805 360 1859 dicere,
368 1803 410 1848 ubi
419 1801 520 1863 vulgaris
529 1803 604 1846 oratio
614 1798 662 1845 loca
669 1796 801 1860 postulabat
810 1797 849 1856 (cl.
860 1811 910 1856 sup.
921 1795 940 1848 1,
951 1791 1002 1837 306.
1013 1788 1082 1844 365),

20 1871 21 1896 l
57 1885 118 1920 tanen
128 1890 173 1920 non
186 1887 232 1931 est,
245 1873 312 1937 quod
320 1876 401 1928 sciam,
416 1870 478 1917 ullus
487 1870 599 1934 loquendi
610 1885 671 1924 mos,
689 1884 736 1931 quo
747 1866 795 1912 loca
804 1865 895 1911 Albana
904 1861 1016 1925 appellari
1025 1873 1082 1921 pos·

57 1947 97 1990 sint.
107 1947 204 2008 Agrum,
214 1944 307 2000 collem,
317 1957 340 1990 et
349 1943 432 1990 similia
438 1944 543 2005 requiro.
552 1944 618 1986 Unus
627 1941 674 1986 lul.
683 1939 781 1985 Sabinus
789 1950 835 1992 est,
848 1939 888 1999 qui
896 1935 926 1980 ad
933 1933 1010 1978 locum
1018 1931 1082 1974 hunc

57 2019 164 2078 quicquam
177 2017 308 2063 notaverit:
323 2023 407 2078 «aquo
418 2012 489 2067 losos;
500 2028 554 2058 nam
563 2026 649 2057 nomen
659 2009 706 2055 loci
715 2011 787 2064 Latii,
799 2009 828 2053 ab
837 2007 949 2067 imperio,
960 2000 1084 2064 quoderat

58 2086 135 2143 «Albas,
145 2087 228 2133 Albani
241 2087 312 2142 dicti;
324 2085 391 2130 aliter
406 2097 454 2129 non
471 2095 515 2129 stat
530 2097 617 2128 seusus.
626 2101 637 2121 n
648 2077 731 2125 Paullo
741 2078 861 2123 obscurius
875 2075 924 2118 haec
934 2073 1004 2116 dicta.
1024 2065 1085 2112 Mihi

56 2157 148 2218 quidem,
159 2160 236 2204 donec
246 2158 277 2203 de
287 2156 344 2202 locis
353 2155 447 2202 Albanis
456 2152 552 2200 meliora
563 2152 673 2206 edocear,
687 2147 749 2194 lacus
758 2146 843 2192 Albani
851 2141 988 2206 praeferendi
998 2137 1083 2186 viden·

20 2237 21 2280 ς
56 2239 99 2273 tur:
110 2227 169 2274 lorus
185 2231 255 2275 toties
267 2230 293 2273 in
305 2225 363 2272 locos
373 2225 468 2271 abiere:
483 2239 527 2269 nec
544 2223 604 2268 adeo
620 2221 705 2266 morosi
721 2234 769 2265 esse
786 2217 909 2270 debemus,
926 2212 1050 2275 quominus
1058 2209 1084 2252 iu

20 2295 21 2362 l
55 2313 110 2358 poeta
119 2301 218 2346 feramus
227 2315 321 2346 cursum
336 2299 385 2343 Nisi
394 2295 475 2358 paullo
485 2294 545 2340 ultra
553 2297 627 2356 justos
637 2292 721 2338 limites
730 2289 883 2353 productum,
901 2299 973 2348 quum
986 2281 1082 2326 omnino

56 2366 132 2430 longius
147 2387 218 2417 cursu
234 2379 342 2416 evectum
358 2366 429 2414 vellet
444 2365 586 2427 significatu
598 2363 704 2417 tandem,
716 2364 736 2406 si
746 2361 775 2407 ad
784 2359 860 2406 lacum
873 2356 1005 2419 pervenisse
1016 2352 1084 2394 Nisus

57 2437 140 2496 dicitur,
149 2457 198 2486 uon
207 2441 254 2486 hoc
263 2441 295 2484 ita
305 2437 435 2500 sugendum
446 2447 492 2490 est,
507 2447 533 2480 ut
542 2437 567 2479 in
577 2437 625 2497 ipsa
637 2436 687 2495 ripa
695 2433 795 2478 haeserit.
805 2432 829 2476 Si
839 2441 916 2474 tarnen
926 2443 938 2472 a
947 2435 1021 2486 poetae
1030 2435 1085 2466 uos·

56 2511 78 2554 tri
86 2512 175 2557 subacto
184 2511 278 2572 judicio
288 2509 390 2556 alienum
399 2508 444 2553 hoe
454 2522 503 2554 esse
514 2506 645 2552 videbitur:
659 2505 772 2550 utendum
788 2502 887 2548 arbitror
901 2496 972 2543 altera
981 2493 1083 2539 lectione

57 2579 118 2637 lucos,
128 2597 154 2629 ut
165 2585 279 2644 scriptum
289 2599 301 2627 a
311 2592 380 2642 posta
396 2591 493 2626 statuam
504 2594 509 2622 :
522 2578 561 2622 Ad
570 2575 630 2622 lucos
646 2576 669 2622 h.
686 2584 825 2638 pervenerat
834 2586 908 2634 usque
918 2568 948 2614 ad
956 2567 1035 2612 lucum
1045 2561 1085 2606 sl-

56 2649 128 2696 hanum
143 2653 241 2698 dictum.
259 2653 338 2697 Potuit
352 2653 372 2696 is
388 2648 480 2711 lougius
489 2663 626 2710 procurrere
637 2663 642 2692 :
657 2658 679 2692 et
688 2645 732 2691 hoc
742 2644 796 2690 luco
806 2655 880 2689 tectus
889 2639 1004 2701 respicere
1014 2633 1085 2693 coepit

57 2721 135 2768 demum
145 2738 168 2770 et
178 2741 203 2770 se
213 2725 326 2785 recipere.
336 2723 369 2767 At
377 2721 439 2767 lucos
456 2719 525 2766 Goth.
543 2734 589 2764 sec.
601 2717 732 2765 exhibebat.
750 2731 820 2780 usque
836 2713 899 2759 lacus
909 2721 942 2756 est
951 2709 1086 2768 conjectura

56 2793 89 2836 tiri
97 2794 156 2839 docti
164 2794 230 2840 haud
240 2793 367 2854 inelegans.
377 2793 440 2838 ducti
446 2791 533 2837 Medic.
544 2806 556 2834 a
566 2805 596 2834 m.
607 2805 642 2850 pr.
653 2813 684 2822 —-
695 2787 748 2847 389.
756 2787 873 2850 prospexit
882 2781 941 2827 alter
948 2779 1040 2834 Menae.
1054 2795 1085 2805 -

56 2859 99 2919 391.
109 2864 182 2921 Quove
192 2863 369 2910 Parrhas.Tu1n
378 2863 485 2908 Urbanus
500 2860 570 2906 verba
586 2861 635 2904 Nisi
651 2857 801 2904 continuabat
814 2869 888 2917 usque
901 2851 930 2896 ad
945 2859 1024 2892 rursus
1034 2855 1086 2892 per·

56 2932 134 2994 plexum
144 2939 186 2980 iter
194 2949 260 2981 omne
269 2931 382 2978 revolvens
392 2948 399 2976 :
412 2945 437 2977 ut
447 2931 542 2993 quidem
549 2933 574 2974 in
581 2931 661 2976 Servio
670 2944 733 2974 nunc
742 2927 840 2988 legitur3
850 2923 891 2969 sed
901 2917 1028 2966 secundum
1037 2908 1085 2954 Jul-

58 3005 167 3061 ¹sabinum,
177 3021 253 3068 usque
264 3006 294 3050 ad
304 3002 400 3049 Fulbrcis
409 3002 484 3050 siluae!
496 3001 568 3047 Simul
577 3010 605 3046 et.
615 3000 703 3045 Turbat
712 2999 794 3043 omissa
804 3011 849 3041 vox
858 2996 901 3045 uit,
913 2989 991 3051 inquit.
1005 2985 1086 3027 Dona-

58 3087 87 3122 tus
95 3079 228 3126 distinxerat
238 3091 262 3124 et
271 3077 371 3140 legerat,
383 3079 416 3122 uti
425 3075 496 3136 vulgo
506 3075 540 3119 fit.
553 3073 622 3132 Quod
632 3071 751 3116 Fabricius
761 3070 782 3112 ei
792 3066 886 3118 tribuit,
898 3057 1000 3105 Fallaces
1008 3051 1088 3103 silvas,

57 3153 205 3212 praescriptum
221 3161 312 3195 tantum
329 3159 363 3194 est
378 3149 428 3210 ejus
444 3146 521 3192 verbis
530 3146 555 3188 iu
565 3143 620 3188 edit.
631 3139 698 3185 Basil.
715 3139 813 3182 Rursum
823 3147 869 3179 tres
878 3133 956 3176 Burni.
965 3125 1089 3189 persistam

21 3217 24 3228 '
57 3222 124 3281 sprot.
134 3217 245 3266 resolvens
255 3233 301 3264 sec.
312 3229 334 3262 et
344 3227 396 3262 tert.
407 3213 530 3270 bettend,
545 3223 626 3266 acute,
644 3221 667 3255 ct
682 3205 799 3253 subtiliter
809 3204 837 3249 ad
846 3197 985 3264 perplexum.

57 3389 135 3439 Nisus.
155 3389 297 3440 Enimvero
316 3406 365 3439 nec
383 3386 545 3459 geometrica
593 3378 709 3431 millibus
723 3375 757 3428 ab
771 3392 803 3426 eo
816 3371 928 3423 abesset.
948 3364 987 3416 Ad
1003 3362 1091 3414 oculo·

57 3469 192 3521 subtilitate
207 3472 328 3538 inposta
342 3466 399 3517 haeo
416 3463 545 3536 exigenda
594 3477 652 3510 rum
670 3472 776 3508 sensum
789 3451 845 3502 haeo
857 3451 885 3499 in
899 3447 1019 3498 locorum
1035 3441 1092 3512 pla·

58 3561 127 3613 sunt,
148 3550 193 3620 qui
214 3549 323 3598 omnino
342 3545 446 3616 longius
466 3560 545 3595 cursu
594 3521 1093 3601 nitiesuntdijudicanda.-388.sta-

57 3641 165 3679 evectum
182 3629 277 3678 Nisum
297 3624 433 3677 declarare
450 3622 544 3674 voluit.
597 3615 676 3668 bula.-
692 3631 754 3686 ager
770 3621 827 3664 erat
840 3607 897 3678 regi
913 3603 945 3656 de
963 3619 1026 3674 agro
1043 3617 1093 3670 pu-

58 3709 155 3759 Poterat
167 3709 188 3760 is
201 3707 290 3761 lacum
305 3705 453 3768 Albanum,
465 3702 545 3774 longo
595 3697 666 3749 blico
683 3695 844 3764 assignatus,
862 3682 890 3738 cri
900 3682 1003 3750 τέμινοςς
1022 3697 1092 3731 nunc

58 3788 99 3836 etsi
110 3787 248 3838 intervallo
261 3784 349 3837 adhuc
360 3783 495 3846 dissitum,
505 3795 546 3834 ta·
594 3776 638 3829 ille
648 3791 780 3847 pascuus,
793 3765 928 3843 pascendo
942 3762 1035 3834 pecori
1045 3779 1093 3830 ap-

59 3882 111 3915 men
127 3863 313 3938 pretergredi,
325 3880 416 3915 versus
428 3862 546 3913 Tiberim
595 3869 646 3920 tus.
661 3855 732 3906 conl.
746 3851 817 3904 adv.
831 3848 889 3918 274.
905 3845 1027 3897 Ceterum
1037 3854 1099 3909 tota¹

59 3945 173 4013 tendens,
188 3959 215 3998 et
227 3965 242 3996 a
254 3957 328 4015 tergo
341 3961 402 3994 eum
414 3940 547 4010 relinque·
595 3937 651 3990 haec
664 3947 748 4006 poetes
758 3932 876 3984 narratio
887 3926 991 3998 egregie
1004 3922 1039 3974 ad
1051 3938 1093 3971 ex·

59 4038 219 4096 te,eumque
239 4022 367 4088 evadere,
382 4021 432 4074 etsi
446 4019 548 4090 aliquot
596 4017 774 4090 pentationem
790 4007 949 4065 movendam
969 4013 1009 4056 est
1025 4016 1093 4052 com·
1139 4022 1142 4027 ·
