2718 4594
416 323 479 386 An
503 325 790 398 manuum.
1064 355 1126 445 289

83 435 227 497 Thesauro*
238 443 320 496 ltalia
332 445 490 514 repetitam,¹
508 447 591 500 multa
608 449 652 502 hic
668 452 700 505 de
714 457 806 508 avibus
817 457 875 530 his,
891 481 955 534 quas
968 489 1040 528 nunc
1053 479 1129 533 Arte·

84 544 132 598 nius
144 525 296 597 appellant,
306 537 467 586 narrantur;
479 545 529 578 nec
543 539 629 580 tamen
642 533 703 584 inde
716 549 802 588 certos
816 543 903 594 avium
913 545 1007 603 harum
1020 557 1130 615 charac-

82 615 154 654 teres
167 603 292 674 colligere
303 602 382 668 licst,
395 615 425 653 ut
438 619 581 676 appareat,
595 627 629 660 an
643 610 677 662 ad
689 611 805 666 larorirm
818 639 900 690 genus
913 629 1058 687 referendae
1068 641 1127 692 sint,

80 683 140 733 Nec
152 681 340 733 Aldrovaudus
352 682 483 735 Ornithol.
501 683 547 736 lib.
563 687 639 755 XlX,
652 691 684 754 3,
702 695 747 762 qui
765 701 913 752 accuratius
928 705 961 757 de
980 708 1021 762 his
1037 719 1129 771 avibus

80 763 150 832 egit,
161 781 293 834 quemque
306 762 351 814 alii
360 764 416 814 fere
426 777 586 835 sequuntur,
601 771 743 840 quicquam
753 773 858 846 delinit,
872 785 920 833 etsi
932 785 976 844 ille
989 789 1083 848 habuit
1093 801 1129 853 ad

81 857 111 891 se
122 844 306 893 transmissam
323 861 354 893 ex
366 843 453 894 insula
468 863 542 897 avem
556 865 587 897 ex
598 847 650 898 hoc
663 869 767 920 genere.
784 855 861 909 Nunc
874 873 963 915 tamen
977 869 1055 923 'inter‘
1064 879 1128 930 Pro.

81 921 219 987 cellarias,
238 943 269 974 ex
282 925 404 976 anserino
417 943 528 996 genere,
542 929 662 980 referunt
678 944 778 983 naturae
795 954 882 990 rerum
899 959 1038 1000 auctores.

77 1001 216 1053 Linnaeum
226 1001 389 1055 Procellaria
401 1003 526 1076 Puffinus
534 1019 581 1058 est.
588 1009 639 1060 Sed
649 1010 927 1092 beneWillougbeius,
936 1039 962 1076 et
971 1028 1008 1080 Ra
1028 991 1045 1083 ιι
1055 959 1129 1027 aPUd

1046 1053 1128 1088 smo-

79 1095 163 1150 nent,
182 1085 360 1154 expectandos
377 1103 434 1137 esse
450 1087 573 1139 meliores
594 1101 724 1143 auctores.
743 1094 821 1148 Nunc
837 1101 898 1153 vide
919 1051 1071 1166 Schneiller.
1093 1119 1128 1170 ad
1187 1117 1188 1120 Ἴ

78 1164 195 1236 Reliqua
206 1165 335 1218 Friderici
344 1169 376 1216 ll.
387 1169 454 1238 lmp.
467 1169 526 1219 Vol.
540 1171 572 1220 ll.
585 1172 613 1221 in
627 1176 746 1226 auctario
758 1195 785 1248 p.
801 1178 849 1250 ¹59
861 1200 916 1255 seq.
929 1188 1060 1246 Anatibus
1074 1217 1129 1251 am·
1213 1169 1220 1174 ‘

79 1245 181 1316 pliores
202 1245 347 1298 secundum
358 1245 564 1314 cochorellam,
585 1250 654 1302 diem
671 1255 802 1324 piscando
815 1261 843 1310 in
859 1264 948 1317 medio
966 1271 1062 1346 pelago
1076 1255 1130 1331 eii-

78 1336 162 1396 gunt,
180 1327 207 1375 in
224 1325 396 1395 scopulorum
415 1328 535 1378 cavernis
552 1327 690 1381 nidificant
702 1331 798 1404 (quarn
815 1353 886 1392 recte
898 1344 936 1394 ita

77 1405 202 1474 posuerit
219 1403 437 1478 Flumint'busque
453 1419 583 1480 vagantur
598 1429 673 1476 aves,
695 1432 750 1470 non
768 1415 863 1470 dicam.
885 1421 1022 1482 Sollertius
1043 1433 1130 1508 Lyco-

75 1482 167 1552 phi-on
179 1484 199 1532 l.
213 1503 236 1534 c.
249 1503 274 1534 v.
288 1481 340 1553 595
352 1483 374 1533 οἳ
387 1485 525 1538 θαλασσίαν
539 1487 633 1541 diescet
645 1489 803 1567 airinom),
814 1498 871 1550 solo
888 1503 967 1575 adipe
978 1509 1129 1579 probantur

78 1565 191 1630 incoliS,
204 1583 257 1636 quo
269 1584 319 1637 pro
330 1566 524 1620 medicamento
537 1569 576 1620 illi
589 1583 716 1626 utuntur:
735 1576 852 1632 clamore
864 1584 1001 1642 imitantur
1010 1597 1129 1666 vagitum

77 1661 226 1713 puerorum
244 1655 270 1694 et
286 1640 428 1712 κινυρισμδι,
445 1647 517 1699 unde
530 1647 608 1700 docte
620 1652 697 1702 Maro
711 1675 717 1704 ε
733 1656 850 1727 scopulos
866 1658 1007 1722 lacrimosis
1026 1675 1130 1729 vocibus

79 1721 209 1795 implent,
223 1725 281 1776 eod·
294 1723 344 1775 100,
360 1727 412 1792 XI,
426 1727 485 1796 274.
497 1727 596 1779 Plinius
608 1730 626 1780 l.
641 1751 663 1782 c.
669 1731 820 1801 fulicarum
833 1739 929 1794 similes
941 1747 978 1797 ait
986 1769 993 1809 ;
1008 1750 1128 1808 oloribus

78 1803 207 1854 assimilat
219 1803 379 1876 Lycophron
395 1805 413 1855 l.
427 1825 450 1856 c.
465 1823 491 1856 v.
506 1806 565 1876 597.
583 1809 615 1857 Et
627 1809 705 1862 ovid.
722 1813 782 1863 XIV
797 1815 860 1879 Met.
880 1819 930 1888 509
947 1821 976 1872 Si
990 1825 1128 1884 volucrum

74 1901 137 1954 ,μω
147 1883 181 1935 sit
190 1884 337 1935 subitarum
350 1885 442 1954 sonna
456 1885 580 1956 requiris,
597 1887 632 1938 Ut
644 1908 697 1940 non
708 1907 868 1962 cygnorum,
880 1898 917 1948 sic
928 1899 994 1954 albis
1004 1911 1127 1974 proxima

75 1964 175 2037 omnis,
186 1964 220 2015 At
232 1965 336 2017 Servius
350 1965 446 2031 aXm,
460 1982 507 2034 ²7¹
524 1979 549 2017 et
558 1967 663 2022 Tzetzes
677 1971 712 2020 ad
723 1973 854 2042 Lycophr.
867 1977 885 2026 l.
898 1998 920 2029 c.
935 1980 1037 2048 ipuduv'c
1048 1990 1129 2043 inter·

77 2058 235 2117 pretantur,
256 2065 312 2116 quae
330 2045 415 2096 ardeoe
433 2059 536 2108 essent3
558 2048 605 2099 sed
621 2048 662 2101 his
679 2053 722 2102 vix
741 2059 876 2107 accenseri
891 2077 1011 2129 possunt.
1030 2066 1041 2136 (

939 1365 990 1416 que
1003 1351 1128 1426 Virgilius

75 2123 158 2194 plura
170 2123 203 2176 de
215 2124 256 2176 his
269 2124 351 2176 allata
363 2136 425 2175 suut
439 2143 455 2175 a
466 2125 635 2179 Beclrmanno
649 2129 683 2181 ad
693 2131 789 2184 Mirab.
801 2134 891 2186 Audit.
904 2158 926 2189 c.
941 2141 975 2192 80
983 2164 1010 2214 p.
1028 2149 1075 2218 157

1086 2169 1125 2222 sq.

76 2206 137 2254 Hoc
149 2223 232 2254 unum
245 2203 358 2268 addam,
371 2203 465 2256 heberi
478 2223 587 2277 quoque
600 2209 688 2258 avium
697 2209 904 2266 Diomedearum
919 2217 1127 2294 descriptionem

78 2296 105 2335 et
117 2285 260 2356 imaginem
275 2285 304 2334 in
320 2285 439 2354 Veryard
454 2285 576 2337 Account
587 2287 621 2357 os
628 2289 710 2356 divers
723 2290 809 2344 choise
824 2295 947 2350 liemarlrs
965 2303 1043 2356 talen
1063 2308 1091 2359 iu
1109 2329 1127 2360 a
1164 2356 1166 2360 .

76 2365 197 2434 Journey
206 2384 232 2434 p.
245 2364 311 2434 359,
329 2381 391 2434 1701
405 2364 467 2427 fol.;
482 2366 529 2418 sed
541 2371 622 2420 necis
635 2371 746 2424 scientia
760 2385 860 2425 naturae
873 2381 935 2430 satis
946 2379 997 2433 fuit
1009 2387 1126 2441 instruc-

75 2441 146 2513 tus.)
155 2444 235 2495 Varie
246 2456 340 2496 ornata
348 2463 364 2495 a
370 2446 457 2514 poetis
471 2458 511 2496 est
520 2446 614 2498 fabula
624 2448 657 2500 de
671 2453 750 2502 sociis
762 2453 789 2502 in
803 2472 863 2506 aves
877 2461 984 2512 mutatis
996 2481 1042 2515 seu
1054 2469 1125 2534 viva,

76 2541 124 2576 seu
140 2535 246 2574 mortuo
263 2522 401 2575 Diomede.
420 2525 459 2575 lta
472 2524 567 2597 Illyriis
581 2528 769 2582 accedentibus
785 2534 902 2602 inlestae,
919 2537 1016 2592 Graecis
1034 2543 1125 2600 amicae

77 2620 139 2654 aves
153 2619 209 2654 csse
221 2613 333 2654 narratae
346 2615 423 2653 sunt:
437 2603 564 2656 Antonin.
579 2607 596 2657 l.
611 2627 634 2658 c.
651 2610 717 2660 Plin.
731 2610 748 2660 l.
767 2629 790 2662 c.
808 2615 902 2666 Strabo
917 2617 965 2682 Vl,
978 2639 1005 2689 p.
1023 2623 1074 2688 433
1091 2625 1122 2676 Α,

76 2682 173 2734 AElian.
187 2683 220 2731 H.
233 2683 268 2731 A:
277 2683 301 2746 l,
318 2697 346 2747 1,
361 2681 408 2733 uhi
419 2701 443 2733 v.
458 2683 612 2737 Schneider.
624 2689 735 2741 Recedit
750 2691 784 2742 ab
797 2693 855 2742 aliis
868 2705 961 2745 auctor
980 2697 1013 2749 de
1028 2703 1122 2756 mirab.

74 2760 195 2818 Auscult.
209 2761 227 2811 l.
239 2779 277 2828 c.,
287 2763 332 2831 qui
345 2778 406 2812 aves
420 2763 535 2814 extitisse
548 2766 585 2815 ait
596 2765 768 2819 Diomede'ab
778 2771 879 2835 AEnea,
894 2775 940 2843 qui
949 2793 993 2825 rex
1002 2775 1050 2827 illa
1065 2779 1123 2832 loca

75 2841 194 2905 tenebat,
208 2860 257 2911 por
268 2840 377 2892 insidias
395 2843 492 2892 occiso.
508 2845 597 2895 Potest
612 2843 659 2896 v‘rri
673 2846 715 2897 cori
731 2847 910 2902 hirrisuvideri
925 2857 1081 2910 mutandum
1095 2863 1129 2913 in·

74 2914 122 2970 riri
133 2918 177 2970 roi
188 2917 274 2972 neiron
288 2943 294 2970 :
308 2922 345 2970 sic
361 2921 431 2970 enim
443 2921 507 2971 olim
520 2923 642 2974 nonnulli
659 2925 833 2978 tradiderant.
847 2947 871 2979 v.
886 2929 973 2982 Schol.
989 2935 1122 3008 Lycophr.

75 2999 112 3052 ad
124 3019 148 3051 v.
162 2999 229 3061 6⁰33
243 3017 304 3051 nam
317 3001 425 3051 omnino
438 3000 547 3052 diversae
562 3002 596 3053 de
607 3002 744 3054 Diomedis
758 3018 842 3057 morte
855 3021 931 3060 erant
946 3017 1122 3084 narrationes,

75 3091 201 3130 monente
219 3078 348 3131 Strabone
360 3079 379 3130 l.
394 3098 417 3130 c.
431 3100 459 3150 p.
471 3079 532 3144 436.
545 3081 585 3131 De
594 3083 677 3132 AEnea
690 3085 806 3153 cogitare
822 3102 876 3137 non
893 3088 969 3139 licet:
984 3110 1046 3142 nam
1059 3114 1123 3147 con·

74 3173 196 3229 gressum
215 3175 275 3208 eum
295 3175 354 3209 cum
372 3157 502 3209 Diomede
521 3177 601 3210 nemo
620 3173 738 3215 veterum
759 3163 887 3229 tradidit,
907 3167 1038 3220 Pausania
1057 3184 1123 3226 teste

74 3237 122 3289 lib.
134 3239 159 3303 l,
176 3255 203 3288 rr
218 3240 238 3289 f.

110 3319 200 3368 Unum
217 3316 304 3370 adhuc
322 3336 530 3372 commemorare
543 3321 634 3388 juvat,
650 3321 724 3391 quod
735 3321 835 3373 Plinius
851 3322 898 3374 lib.
911 3323 974 3391 ΧΠ,
990 3328 1005 3379 3
1018 3335 1123 3384 notavit

74 3397 124 3466 (ex
135 3397 321 3469 Theophrasto
334 3401 366 3450 H.
380 3398 463 3452 Plant.
477 3401 528 3465 lv,
541 3403 592 3470 7),
605 3403 719 3472 primam
730 3399 872 3472 platanum
885 3406 912 3455 in
925 3405 995 3459 hanc
1007 3411 1121 3465 insulam

76 3478 111 3530 ad
131 3479 268 3532 Diomedis
283 3480 414 3531 tumulum
433 3481 581 3532 ornandum
601 3483 683 3534 fuisse
702 3483 852 3547 invectam,
872 3486 934 3537 inde
955 3489 983 3538 in
1004 3489 1121 3544 Siciliam

74 3571 284 3628 transgressam,
296 3577 357 3609 mox
366 3559 448 3610 ltalia
461 3561 586 3611 donatam
600 3561 634 3612 ad
646 3561 710 3613 alias
721 3575 804 3614 terras
814 3552 974 3632 pervariisse.
984 3566 1120 3634 Quantum

71 3649 163 3688 tamen
176 3656 208 3688 ex
217 3636 376 3690 Cochorella
388 3639 556 3710 intelligitur,
568 3659 599 3690 ex
610 3641 697 3692 insula
706 3641 754 3692 illa
764 3657 835 3693 nunc
846 3644 942 3695 exulat.
954 3647 1014 3698 Fuit
1025 3652 1119 3704 similis

72 3715 167 3768 fabula
180 3717 213 3768 de
228 3729 312 3789 myrto
324 3720 438 3790 primum
456 3721 483 3769 in
500 3719 638 3789 Elpenoris
655 3723 757 3772 tumulo
770 3735 856 3774 enata.
872 3717 924 3774 vid.
943 3725 1008 3778 Plin.
1022 3730 1083 3796 XV,
1097 3751 1117 3782 s.

74 3796 117 3848 36.
132 3797 166 3848 cf.
181 3815 240 3868 sup.
252 3799 361 3849 Excurs.
380 3797 440 3848 lad
457 3797 502 3848 lib.
520 3799 568 3848 Vll
584 3801 633 3851 sub
647 3802 666 3851 f.
681 3803 746 3852 Late
762 3815 849 3853 autem
868 3803 1004 3858 Diomedis
1021 3825 1120 3862 nomen

71 3896 121 3949 per
134 3878 238 3930 ltaliam
250 3881 387 3950 pertinuit.
398 3881 466 3930 Nam
478 3897 531 3928 non
544 3880 623 3951 Arpis
636 3881 715 3930 modo
729 3881 776 3934 sed
788 3883 952 3955 Metaponti,
971 3907 1002 3938 ac
1012 3889 1117 3940 Thuriis

72 3973 123 4026 pro
138 3955 221 4007 heroe
238 3957 325 4008 cultus
341 3958 442 4024 fertur,
456 3957 509 4008 vid.
527 3957 616 4026 Schol.
633 3958 740 4012 Pindari
753 3962 787 4013 ad
803 3963 878 4014 Nem.
892 3965 931 4029 X,
950 3966 1120 4019 12.Plurium

75 4033 150 4086 idem
161 4035 268 4087 urbium
279 4036 387 4088 habitus
400 4036 538 4104 conditor,
551 4051 670 4110 utsupra
681 4055 915 4094 commemoratum
929 4046 976 4094 est.
990 4043 1022 4094 Et
1032 4061 1122 4096 mous-

144 4123 171 4190 4.

1047 2071 1126 2124 Nunc
1202 2134 1204 2140 ἲ
