2690 4598
347 244 588 314 AENEIDOS,
606 245 759 310 LIBER
782 246 844 312 IX.
901 308 905 315 .
1073 254 1113 320 33

73 367 157 436 Vina
169 369 287 436 simul:
301 371 395 457 prior
408 368 601 458 Hyrtacides
612 371 659 434 sic
671 393 727 434 ore
740 372 887 438 locutus:

76 477 259 566 «Euryale,
272 474 465 540 audendum
478 473 606 552 dextra;
619 499 707 541 nunc
719 477 789 565 ipsa
801 496 895 542 vocat
907 503 968 545 res.
1071 496 1116 542 321>

15 619 16 646 1
75 581 144 647 Hac
156 582 221 646 iter
233 595 300 644 est:
314 596 366 657 tu,
380 601 423 642 ne
436 602 500 667 qun
512 601 628 643 manus
641 603 675 644 se
687 580 845 646 adtollere
857 584 952 648 nobis

14 701 16 754 J
74 679 206 773 Atergo
218 686 337 774 possit,
352 684 494 763 custodi,
509 701 541 748 et
553 685 688 749 consule
700 685 806 772 longe.

14 801 15 830 ³
76 794 154 856 Haec
166 815 229 879 ego
241 808 334 855 vasta
346 789 446 869 dabo,
461 807 492 854 et
500 788 569 867 ,lato
582 807 614 855 te
627 791 729 854 limite
742 790 870 856 ducam.
884 823 896 852 a

14 929 15 936 ¹
73 899 126 963 Sic
136 883 316 974 memorat,
330 919 514 984 vocemque
527 897 661 983 premit,
674 897 772 960 simul
784 920 861 962 ense
874 902 1055 988 superbum

76 1002 295 1066 Rhamnetem
307 999 512 1088 adgreditur,
527 1001 584 1088 qui
596 1002 682 1064 forte
694 1002 858 1088 tapetibus
867 1004 941 1069 altis
1048 1022 1118 1070 -325

14 1105 15 1120 ¹
77 1110 268 1172 exstructus
281 1123 352 1170 toto
364 1105 525 1193 proflabat
536 1123 670 1193 pectore
683 1119 853 1188 somnum3
875 1111 878 1122 ’
919 1173 925 1181 ,

76 1217 143 1278 Rex
154 1213 261 1292 idem,
276 1229 309 1276 et
321 1212 390 1300 regi
402 1213 517 1276 Turno
529 1212 732 1298 gratissimus
744 1235 868 1300 augur:

75 1318 138 1383 Sed
150 1342 220 1382 non
233 1317 373 1404 augurio
385 1318 494 1403 potuit
506 1315 672 1404 depellere
685 1333 822 1404 pestem.

14 1419 15 1458 ³
78 1425 148 1488 Tris
156 1426 253 1514 juxta
265 1422 406 1486 famulos
419 1439 543 1484 temere
555 1422 641 1487 inter
652 1422 716 1486 tela
724 1423 877 1512 jacentis,

77 1529 354 1616 Armigerumque
367 1527 461 1590 Remi
473 1527 608 1614 premit,
622 1523 834 1616 aurigamque
850 1529 912 1594 sub
924 1531 1002 1620 ipsis
1077 1549 1121 1598 tta

79 1636 198 1699 Nactus
212 1633 323 1720 equis,
337 1632 492 1720 ferroque
504 1647 592 1696 secat
603 1631 783 1719 pendentia
795 1635 893 1716 colla3

79 1846 122 1892 tela
133 1863 152 1891 r.
163 1843 256 1906 aliquot
268 1843 333 1904 apud
344 1843 406 1888 l‘ier.
418 1865 450 1877 --
460 1841 514 1888 320.
527 1843 655 1889 audendum
666 1853 699 1890 est
718 1843 766 1889 duo
783 1846 862 1890 Rurm.
874 1855 927 1889 eum
945 1847 1014 1893 Goth.
1027 1861 1080 1895 tert.
1094 1879 1125 1888 --

78 1918 127 1964 323.
139 1915 234 1962 vastabo
246 1914 314 1960 multi
332 1914 392 1959 Pier.
405 1927 428 1959 et
439 1915 533 1970 licina,
552 1915 692 1977 interpolate
705 1927 728 1960 et
739 1931 768 1960 ex
779 1918 989 1976 interpretatione:
1008 1921 1062 1965 dare
1079 1939 1122 1984 pro

73 1989 150 2052 furem
162 1989 287 2050 exquisite.
306 1995 366 2031 recto
386 1994 406 2030 te
425 1983 493 2030 limite
504 1987 606 2034 Maerob.
619 1988 639 2031 V
651 1989 698 2031 Sat.
711 2002 738 2047 9,
755 1985 819 2048 quod
830 2002 842 2030 a
854 2002 880 2030 re
898 1986 1007 2033 alienum.
1021 1991 1066 2036 Sed
1079 1991 1131 2038 lata'

79 2065 126 2116 uia,
137 2076 191 2104 uam
204 2072 291 2120 strages
303 2057 350 2104 late
364 2057 425 2103 facta
438 2058 562 2103 indicatur.
575 2058 637 2103 conl.
651 2059 683 2113 X,
698 2056 741 2112 firi
754 2069 777 2102 et
789 2056 812 2101 b.
825 2055 840 2101 l.
853 2058 979 2103 Burmann.
991 2059 1077 2117 limine,
1091 2061 1125 2108 iu-

79 2137 148 2188 mine,
167 2145 193 2178 et
205 2131 244 2176 hie
258 2129 349 2192 aliquot
361 2131 492 2185 Heinsiani,
514 2145 567 2174 rum
585 2130 647 2174 binis
664 2127 779 2173 Gotb.-
790 2127 842 2181 324.
860 2129 969 2191 superbus
987 2134 1126 2180 emendabat

80 2203 188 2250 Waddel.
200 2202 324 2248 Animadv.
338 2203 389 2247 crit.
402 2217 425 2262 p.
441 2201 567 2256 etiamalio,
580 2200 645 2246 addit
655 2202 813 2255 Burmannus,
825 2213 913 2262 tapetes
930 2205 991 2247 enim
1008 2205 1032 2248 in
1046 2209 1125 2252 castris

79 2273 177 2328 babere,
203 2271 300 2334 superbi
317 2284 358 2316 est.
371 2293 403 2306 «-
414 2271 467 2316 326.
487 2272 609 2316 Execratus
626 2275 679 2316 tert.
700 2269 797 2316 Mentel.
818 2271 941 2316 Extractus
959 2273 1074 2318 Rufinian.
1096 2275 1125 2322 de

80 2337 194 2390 Schemat.
213 2345 267 2388 Lex.
287 2359 311 2404 p.
331 2342 387 2402 259,
402 2341 468 2403 quod
479 2341 632 2387 Ruhnlenius
644 2343 672 2384 V.
685 2342 710 2386 C.
724 2341 805 2387 exilio
815 2353 895 2386 natum
907 2346 1004 2389 notavit.
1015 2344 1126 2406 perylabat

80 2414 173 2477 plurimi
186 2413 256 2459 codd.
276 2427 299 2459 et
318 2413 355 2458 ed.
368 2414 428 2457 Ven.
439 2429 463 2475 p.
483 2417 560 2457 mrum
571 2429 616 2459 see.
630 2414 716 2458 Moret.
730 2438 761 2448 -
775 2411 828 2475 3²7·
840 2414 877 2458 Jo.
890 2414 1010 2462 Schrader.
1029 2417 1123 2463 emend.

77 2488 137 2542 dux,
154 2501 188 2532 ue
206 2485 286 2547 plures
302 2483 441 2529 Rutulorum
457 2501 523 2547 reges
539 2488 601 2531 sint:
616 2497 651 2530 est
661 2487 724 2530 enim
736 2485 851 2531 Rhamnes
864 2501 891 2531 er
903 2487 995 2534 Rutulis
1011 2489 1052 2532 inl.
1070 2488 1124 2534 363.

80 2557 204 2604 Enimvero
212 2557 263 2600 Rex
273 2554 401 2609 Rhamnes,
414 2554 514 2608 heroica
523 2559 595 2601 atatis
604 2571 682 2609 more,
697 2553 759 2618 ἄναξ
765 2575 776 2608 ,«
785 2569 846 2600 uuus
856 2572 868 2601 e
878 2558 1023 2619 principibus
1031 2583 1063 2594 -
1072 2558 1125 2604 328.

80 2628 179 2688 auqariis
192 2625 296 2670 Maeroh.
309 2637 332 2670 et
344 2623 422 2669 Schol.
435 2626 501 2669 Statii
513 2641 550 2686 ap.
562 2626 642 2670 Heius.
655 2627 741 2670 Deerat
752 2640 832 2671 versus
841 2625 910 2671 Goth.
923 2638 968 2671 tert
979 2652 1019 2661 ⁴-
1030 2627 1083 2687 329.
1096 2632 1126 2672 in·

79 2707 114 2741 ter
125 2696 174 2743 lasa
185 2695 292 2742 Parrbas-
304 2711 358 2741 eum
371 2696 482 2756 Romano.
495 2695 525 2740 el.
538 2721 569 2731 -
581 2696 634 2742 3ι8.
645 2699 774 2742 interarma
786 2695 856 2741 Goth.
869 2709 922 2742 tert.
935 2722 968 2733 -
981 2697 1033 2743 330.
1045 2701 1126 2760 premit

81 2765 157 2812 illumi·
167 2777 222 2812 ante
234 2768 296 2812 Pier.
306 2765 406 2821 lectum,
425 2768 499 2811 insito
511 2768 578 2811 etiam
589 2779 671 2812 metro.
684 2768 778 2811 Remum
790 2765 889 2812 Dorvill.
902 2783 914 2811 a
926 2783 958 2811 m.
971 2783 1030 2820 see,
1045 2768 1125 2829 sicque

81 2834 168 2880 dudum
187 2837 238 2897 ipse
256 2834 336 2881 malui.
355 2837 423 2883 Nunc
435 2835 516 2890 video,
531 2838 600 2882 etism
611 2838 649 2891 tp.
662 2837 815 2884 Schrader-um
828 2837 859 2880 ita
872 2837 1007 2896 conjecisse.
1021 2837 1077 2879 Nam
1089 2839 1126 2897 agi

81 2908 178 2954 arbitror
190 2908 221 2954 de
233 2923 281 2954 uno
294 2907 422 2955 Rhamnete
434 2924 488 2970 rege
502 2920 525 2954 et
536 2924 631 2970 augure.
644 2911 712 2954 Juxta
724 2908 787 2954 hunc
798 2920 844 2954 tres
853 2906 947 2962 famuli,
960 2909 1071 2967 armiger,
1082 2924 1127 2953 au·

82 2982 140 3040 riga,
160 2979 257 3025 taudem
276 2981 325 3042 ipse
344 2978 473 3034 Rhamnes,
491 2981 594 3026 interimi
612 2981 729 3027 videntur.
741 3004 772 3014 -
783 2978 837 3024 331.
857 2980 960 3023 Nanctus
975 2975 1071 3022 Mentel.
1090 2993 1126 3039 pr.

82 3149 192 3206 Statium
222 3166 389 3218 occurrunt,
422 3154 580 3208 observante
629 3147 924 3224 vocepressa.--325.
941 3149 1002 3201 326.
1020 3161 1126 3216 ornate,

81 3234 242 3286 Burmauno.
256 3251 317 3284 mox
330 3233 410 3298 uiua,
426 3251 491 3286 vasa
509 3236 579 3299 vini,
628 3231 857 3284 ductaverborum
867 3230 1067 3295 immutatione,
1077 3249 1127 3300 pro

82 3325 110 3364 ut
120 3313 190 3365 bene
201 3311 275 3364 Serv.
372 3342 401 3364 ».
629 3311 793 3383 vulgari2iu
806 3309 934 3379 tapetibus
943 3307 996 3360 alte
1007 3311 1129 3362 extructis

115 3392 582 3464 321.AnteitNisusAEuryaloman·
631 3393 684 3464 ipse
701 3390 833 3442 Rhamnes
849 3388 982 3461 proflabat
998 3407 1126 3440 somnum.

81 3469 143 3536 dat,
154 3483 185 3522 ut
197 3485 325 3542 sequatur
337 3485 363 3523 et
376 3490 392 3524 a
407 3484 482 3543 tergo
492 3474 582 3523 omnia
630 3474 722 3523 Posuit
730 3483 817 3522 autem
828 3482 930 3539 tapetes
940 3487 990 3540 pm
1002 3469 1128 3540 pulvinis,

83 3563 138 3605 tuta
157 3564 280 3622 praestet:
293 3551 416 3617 consule,
438 3554 581 3624 prospice,
632 3554 678 3622 qui
690 3549 824 3622 tapetibus
832 3551 935 3600 instrati
945 3563 1014 3600 sunt.
1023 3579 1057 3589 -
1065 3551 1127 3618 327.

83 3632 202 3702 provide.
216 3634 344 3684 viRurm⁴
361 3632 395 3683 ad
411 3632 582 3697 Val.Fl.lll,
633 3631 695 3702 328.
718 3630 820 3680 Proeivit
844 3630 973 3680 Homerus
996 3627 1072 3681 lliad·
1093 3629 1129 3693 k,

79 3712 123 3764 38.
137 3721 210 3766 vasta
219 3713 283 3764 dare
294 3729 344 3782 pro
356 3713 459 3775 iacere,
470 3723 582 3762 vastare.
635 3710 695 3763 858.
709 3708 769 3780 859.

82 3807 169 3840 vocem
178 3791 298 3863 prernit:
314 3803 360 3842 aut
376 3791 507 3842 submissa
518 3808 584 3840 voce
670 3786 826 3857 329-334·
843 3788 954 3839 Remum
972 3783 1071 3856 (quem
1088 3801 1130 3834 er·

84 3867 221 3939 loquitur,
244 3883 290 3923 aut
312 3883 400 3935 tacet,
420 3871 507 3940 inquit
527 3867 586 3920 Ser·
634 3885 724 3938 presse
736 3885 791 3916 non
808 3866 962 3935 nominat),
982 3883 1040 3916 cum
1056 3863 1130 3912 trinis

83 3952 149 4002 vius.
157 3953 302 4006 Praeleram
315 3953 447 4024 priuszsic
456 3962 586 4002 memorat
634 3947 750 4013 famulis,
759 3947 868 4016 ejusque
880 3947 1039 4014 armigerum
1049 3936 1131 4010 (Rspi-

156 4039 181 4106 4,
938 4033 953 4081 3
