2724 4600
232 320 284 409 P.
317 316 606 408 VIRGILlI
638 315 940 408 MAR'ONIS

374 596 811 736 AEuurnos

275 921 509 1026 LIBER
543 921 908 1032 DECIMUS.
956 1045 959 1052 .

536 1206 539 1224 l

78 1240 1120 1264 Wummmmmmmfflm

418 1466 771 1528 ARGUMENTUM.

9 1709 10 1742 ³
79 1681 230 1783 Jrrrrrn,
251 1719 422 1768 convocato
441 1707 571 1770 deorum
584 1709 733 1784 consiliu,
759 1709 797 1769 ad
812 1711 1014 1784 concordiam
1035 1713 1119 1796 ipsos

9 1845 11 1866 ,
78 1794 349 1854 adhortatur-15.
361 1795 408 1856 lbi
420 1798 525 1856 Venus
535 1795 787 1878 deTrojenorum
795 1798 1124 1879 periculo,insatiabi-

9 1869 19 1946 ,⁹
77 1881 158 1964 lique
172 1885 310 1942 lunonis
325 1879 398 1944 odio
415 1886 632 1967 conqueritur,
646 1884 847 1968 aliquamque
864 1885 992 1946 tandem
1007 1898 1054 1946 tot
1069 1909 1118 1947 ca-

9 2041 10 2052 ,
77 1972 252 2032 lamitatum
261 1975 398 2054 requiem
407 1975 487 2055 petit
496 1975 587 2034 -fm
597 1976 682 2033 duno
693 1987 802 2034 contra
811 1973 966 2034 malorum
977 1976 1124 2034 omnium

9 2065 10 2096 ³
77 2081 215 2121 caussam
226 2063 260 2120 iu
270 2060 436 2142 Trojanos,
448 2061 546 2123 veluti
554 2064 674 2145 primos
685 2061 760 2140 belli
771 2055 928 2139 auctores,
938 2077 1031 2146 atque
1042 2061 1119 2122 adeo

78 2150 109 2208 in
120 2153 274 2211 Venerem
287 2152 386 2233 ipsam
399 2151 547 2232 rejicit-
557 2151 606 2231 95.
619 2153 746 2212 Frustra
761 2153 867 2235 itaque
879 2165 997 2217 tentata
1012 2169 1121 2214 recon-

79 2237 237 2305 ciliatione
246 2241 378 2322 Jupiter,
388 2236 445 2304 ubi
458 2241 582 2302 nullum
592 2241 677 2302 videt
689 2261 753 2302 esse
764 2245 1005 2304 contentionum
1015 2239 1123 2316 finem,

79 2346 116 2386 ne
127 2342 183 2388 aut
196 2349 326 2388 uxorem
338 2343 392 2390 aut
404 2329 502 2390 filiam
513 2329 654 2408 loederet,
669 2351 702 2391 se
714 2343 896 2391 neutrarum
908 2333 1045 2412 partium
1059 2343 1123 2390 stu·

79 2416 128 2476 dia
140 2431 350 2500 sequuturum
364 2420 565 2500 pronuntiat,
576 2419 630 2480 sed
640 2441 698 2501 pro
707 2437 762 2479 sua
772 2421 920 2502 aequitate
934 2421 1040 2480 omnia
1050 2418 1123 2478 fatis

80 2525 142 2565 esoe
153 2507 380 2587 permissurum
389 2541 426 2554 ω-
438 2529 502 2590 117.
519 2509 648 2567 Interim
663 2507 771 2568 Rutuli
786 2509 858 2568 totis
876 2508 995 2568 viribus
1010 2507 1050 2566 ed
1066 2527 1123 2588 op·

11 2637 16 2649 ,
79 2597 305 2677 pugnationem
322 2595 469 2672 redeunt,
486 2617 552 2656 non
570 2599 691 2656 minore
710 2599 816 2656 animo
831 2595 951 2658 obsessi
970 2617 1000 2657 se
1016 2596 1055 2656 etl
1072 2595 1123 2655 de-

78 2683 254 2744 fensionem
263 2691 421 2768 perant-
433 2684 495 2762 145.
508 2687 591 2746 Dum
603 2684 670 2746 haee
682 2687 715 2745 in
727 2687 816 2745 Latio
826 2700 988 2768 geruntur,
999 2685 1122 2758 AEneas,

79 2770 169 2832 rebus
187 2774 221 2832 in
235 2772 359 2832 Etruria
379 2795 415 2833 ex
431 2775 529 2834 animi
544 2777 691 2835 sententia
706 2771 872 2850 coniectis,
888 2773 1124 2853 multorumque

9 2889 10 2904 κ
78 2858 135 2919 sibi
150 2857 345 2942 populorum
361 2861 485 2922 auxiliis
500 2861 670 2944 adjunctis,
685 2864 814 2944 triginta
828 2864 956 2921 navium
971 2859 1069 2920 classe
1083 2855 1124 2936 ad

78 2970 146 3009 suos
161 2947 445 3026 revehitur-214,
459 2949 508 3014 lbi
521 2949 699 3034 Nymphas,
715 2949 825 3033 paullo
841 2964 913 3012 ante
928 2952 961 3009 iu
976 2968 1045 3008 earn
1058 2944 1124 3004 for-

79 3057 163 3096 mam
181 3058 220 3098 ex
237 3037 370 3102 naribus
387 3042 450 3101 suis
469 3039 719 3114 transformatus,
735 3039 841 3101 obvias
855 3036 967 3098 habet:
985 3055 1020 3095 ex
1032 3031 1082 3092 his
1095 3043 1127 3092 et

80 3123 115 3183 de
131 3124 240 3186 classis
254 3129 422 3189 amissione
438 3141 468 3197 et
486 3129 525 3190 de
542 3149 672 3189 snorum
691 3127 833 3208 periculo
852 3127 966 3186 certior
983 3121 1125 3182 redditur

79 3249 116 3261 -·
126 3215 195 3274 255.
210 3213 289 3274 lnde
300 3218 332 3274 in
347 3215 487 3279 hostium
501 3239 600 3301 usque
612 3230 812 3298 conspertum
826 3214 1001 3298 proiectus,
1016 3213 1124 3294 cupias

79 3323 148 3363 suas
163 3309 304 3386 exponit.
318 3305 424 3368 Rutuli
438 3309 674 3390 oppugnatione
684 3306 854 3379 desistunt,
866 3314 1126 3384 occurrentesque

80 3391 118 3449 ad
139 3391 216 3451 litus
240 3407 320 3454 terra
335 3394 459 3454 hostem
471 3393 639 3478 prohibere
651 3407 817 3454 conantur.
834 3394 950 3474 Magno
968 3391 1127 3471 utrimque

80 3477 268 3540 detrimento
278 3497 480 3564 pugnatur-
492 3479 559 3558 364.
568 3483 614 3542 lbi
622 3481 732 3559 Pallas,
741 3500 855 3563 magna
866 3481 953 3562 prius
963 3477 1046 3537 edita
1055 3475 1128 3535 hos-

9 3609 10 3626 ,
78 3567 157 3627 tium
167 3583 282 3652 strage.
292 3571 421 3632 tandem
432 3571 562 3632 aTurno
571 3565 725 3633 occiditur
733 3567 847 3652 -509.
856 3568 952 3650 Cujus
963 3569 1006 3628 rei
1017 3563 1126 3626 dolore

80 3657 216 3738 percitus
235 3657 358 3736 AEneas,
376 3682 508 3741 magnos
524 3661 715 3722 Rutulorum
734 3677 861 3721 acervos
879 3658 981 3718 amico
998 3653 1126 3714 inferias

82 3747 176 3806 mittit
190 3781 229 3792 -
243 3748 299 3808 6u1
321 3771 328 3806 ε
353 3751 498 3810 Ascanius
520 3770 647 3832 quoque
668 3751 833 3831 eruptione
858 3746 940 3808 facta
961 3765 1030 3806 suas
1055 3762 1130 3802 eum

9 3889 10 3894 ,
82 3837 285 3916 patrecopias
296 3835 505 3919 conjungit-
514 3838 582 3898 605.
595 3839 716 3914 Quibus
730 3835 822 3898 rebus
835 3849 976 3919 permota
986 3835 1086 3905 Juno,
1097 3841 1129 3888 et

83 3941 137 4000 pro
155 3926 264 3984 Turno
283 3925 434 4001 sollicita,
453 3928 620 4008 impetrata
636 3949 654 3986 a
671 3931 748 3987 love
765 3927 871 4000 venia,
890 3921 1036 4006 praesenti
1055 3935 1129 3978 eum

82 4013 223 4092 periculo
237 4015 347 4098 eripit,
362 4013 488 4096 objecta
502 4015 548 4076 illi
562 4013 639 4078 falsa
652 4019 755 4080 AEneae
770 4016 922 4095 imagine,
939 4029 1034 4092 quam
1051 4005 1129 4068 dum
