2718 4594
235 313 298 392 sto
479 307 514 372 P.
538 301 772 370 vrnornrr
795 302 1029 405 nunonis

234 434 355 500 Telum
366 433 498 497 inmane
509 452 611 495 menn
622 428 793 518 quotiens:
807 429 905 493 simul
915 430 1046 517 agmine
1058 424 1166 497 denso

233 537 450 627 Antheusque
461 533 724 624 Mnestheusque
736 550 852 615 ruunt3
865 535 1040 624 omnisque
1051 537 1178 604 relictis

233 644 347 712 Turba
358 645 432 709 fluit
443 643 556 708 cestris
569 664 575 704 :
589 657 661 706 turn
672 662 760 706 caeeo
773 641 910 728 pulvere
922 663 1058 730 campus

233 751 407 830 Miscetur,
421 748 585 838 pulsuque
598 745 723 836 pedum
734 746 846 812 tremit
858 747 962 812 excita
973 747 1081 813 tellus.
1237 759 1280 818 444
1337 805 1338 814 ,

234 855 327 922 Vidit
337 856 378 920 ub
391 853 529 920 adverso
541 853 703 918 venientis
716 874 834 940 aggere
846 853 994 933 Turnus,

234 963 357 1028 Videre
370 961 520 1040 Ausonii,
534 958 730 1048 gelidusque
743 981 804 1047 per
815 959 881 1022 imo
892 959 1038 1024 cucurrit

233 1069 316 1136 Ossa
326 1085 450 1133 tremor
462 1089 468 1128 :
481 1065 587 1154 primu
599 1081 674 1132 ente
688 1049 795 1130 omnis
807 1065 826 1127 J
829 1080 948 1128 uturna
961 1064 1097 1128 Latinos

234 1173 361 1254 Audiit,
375 1171 598 1261 adgnovitque
610 1191 744 1249 sonum,
759 1186 792 1234 et
803 1170 994 1236 tremefiactn
1006 1169 1142 1258 refugit.

236 1281 296 1344 Ille
308 1278 410 1358 volat,
425 1299 610 1365 campoque
621 1292 731 1341 atrum
741 1276 827 1364 rapit
839 1297 958 1364 agmen
970 1290 1096 1362 aperto.
1238 1285 1282 1344 tt·

234 1385 362 1469 Qualis,
375 1382 433 1449 ubi
444 1381 487 1448 ed
499 1398 601 1446 terras
614 1380 756 1470 obrupto
769 1379 878 1445 sidere
891 1379 1023 1444 nimbus

235 1551 305 1599 Goth.
316 1565 353 1612 pr.
367 1560 390 1595 et
400 1547 443 1594 Ed.
457 1547 517 1591 Vrn.
532 1544 598 1603 ι484.
609 1551 681 1610 portis
692 1563 740 1594 sese
751 1546 834 1593 extulit
843 1545 896 1594 altis
911 1545 965 1594 edd.
977 1556 1033 1593 vett.
1046 1556 1069 1592 et
1080 1561 1135 1608 pars
1150 1544 1235 1604 codd,
1246 1546 1285 1596 sed

235 1625 307 1671 Pierii
321 1634 345 1669 et
355 1622 445 1668 lleinsii
459 1617 567 1665 meliores
584 1621 673 1683 inpetis,
685 1619 751 1682 quod
767 1621 816 1681 jam
833 1620 871 1666 ed.
885 1617 937 1665 Ald.
955 1620 1023 1665 tertia
1042 1617 1150 1676 exhibet,
1167 1618 1210 1665 sed
1226 1618 1285 1664 male

236 1709 291 1741 eum
302 1692 354 1738 aliis
366 1691 396 1737 nd
407 1689 475 1736 telum
488 1689 573 1735 refert:
585 1703 639 1734 nam
650 1691 683 1735 sic
697 1701 766 1750 poeta
776 1691 876 1752 jungere
886 1688 1002 1734 debebat:
1016 1685 1085 1733 telum
1096 1691 1173 1752 inpetis
1185 1693 1284 1734 immam.

234 1765 309 1810 lmmo
316 1777 371 1808 vero
380 1775 434 1806 cum
442 1761 535 1804 Donato
542 1758 573 1804 sd
582 1760 675 1804 AEnesm
683 1759 849 1806 referendum:
862 1763 908 1822 ipse
914 1773 962 1804 sese
968 1755 1049 1804 extulit
1057 1760 1144 1822 ἔπρεπε,
1153 1770 1180 1804 ut
1187 1774 1238 1821 sup.
1246 1759 1282 1814 tx,

236 1833 290 1894 ⁵97·
299 1857 331 1868 -·
339 1829 393 1887 443.
406 1827 554 1893 Antheusque
562 1830 667 1889 reposuit
675 1829 806 1875 Heinsiuse
817 1824 904 1875 Medic.
915 1841 938 1874 et
947 1829 1009 1875 binis
1018 1829 1118 1884 Moret.;
1128 1829 1190 1875 adde
1197 1829 1284 1892 aliquot

236 1902 294 1948 elios
302 1917 339 1965 sp.
348 1902 426 1946 Borm.
436 1899 471 1944 An
479 1899 541 1944 bene
550 1898 637 1944 factum
644 1901 687 1956 sit,
698 1913 728 1946 ne
737 1899 826 1949 dubita.
837 1901 896 1945 Nam
905 1915 933 1946 ex
942 1893 1036 1948 Ἀνθιὺς
1042 1901 1091 1960 jam
1097 1898 1284 1962 frequentaverat
1337 1917 1338 1988 q

236 1973 328 2020 Anthea
339 1971 416 2018 medis
427 1970 494 2016 ltreri
503 1985 556 2032 sup.
568 1968 611 2016 lib.
628 1971 652 2028 l,
671 1969 726 2028 1⁸1,
741 1971 798 2026 510,
810 1982 892 2034 estque
900 1973 920 2016 is
931 1987 959 2017 ex
969 1972 1044 2016 AEneae
1056 1971 1133 2015 sociis.
1151 1971 1200 2016 Nec
1210 1982 1285 2016 tamen
1337 1991 1338 2000 ¹

236 2044 359 2092 Medicum
366 2041 434 2088 aliter
440 2056 512 2104 quom
521 2038 641 2086 Autboeur.
655 2043 683 2086 Et
691 2039 812 2104 vulgatum
822 2041 910 2103 ubique
920 2043 1015 2086 Autoeus
1022 2038 1060 2086 vel
1066 2041 1164 2085 Anteus.
1174 2035 1285 2094 Ἀνταῖος,
1337 2079 1338 2086 ,

236 2115 348 2162 Autem:
360 2113 424 2160 idem
432 2128 520 2160 nomen
527 2112 576 2173 jem
588 2126 639 2175 sup.
653 2110 694 2158 lib.
706 2113 739 2168 x,
750 2111 792 2158 561
805 2111 917 2168 vidimus;
926 2127 980 2158 mor
989 2125 1109 2176 murusque
1118 2110 1219 2166 Medio,
1232 2123 1286 2157 teste

235 2187 349 2234 Heinsio:
361 2186 403 2232 ted
418 2185 514 2246 Poggius.
533 2186 612 2230 omnir.
625 2209 657 2220 -
667 2181 721 2241 444.
735 2185 782 2228 ruit
795 2199 816 2230 c.
829 2182 889 2230 Gud.
904 2199 949 2244 pro
965 2183 1012 2230 div.
1025 2182 1080 2228 lect.
1099 2193 1124 2228 et
1136 2183 1229 2244 Menng.
1249 2198 1283 2244 pr.

236 2274 295 2304 coeco
306 2255 399 2302 vulrtere
410 2253 470 2300 alter
478 2255 572 2317 Menaq.
585 2258 670 2318 campo
682 2270 718 2316 pr.
728 2254 813 2300 Moret.
824 2279 855 2290 ·-
863 2253 917 2310 445.
929 2254 1012 2318 fremit
1026 2253 1093 2299 Leid.
1108 2269 1153 2315 pro
1168 2269 1216 2300 rer.
1232 2252 1283 2302 lect.

235 2325 364 2391 plausuque
377 2327 452 2370 nemu
462 2340 542 2390 mopno
558 2339 578 2370 e.
597 2334 613 2370 t.
629 2324 719 2371 Zulich.
732 2341 744 2371 a
754 2341 785 2370 m.
796 2341 832 2388 pr.
845 2350 877 2361 -
887 2324 941 2383 446.
957 2325 1021 2372 Vidit
1030 2333 1057 2370 ut
1068 2323 1158 2369 Zuliclt.
1172 2339 1186 2369 a
1197 2340 1228 2369 m.
1241 2339 1285 2370 ser.

236 2401 324 2462 aqmine
335 2395 427 2459 aliquot
439 2396 516 2452 Pleu,
534 2397 595 2441 inter
613 2411 673 2458 quos
685 2397 750 2440 llom.
769 2409 792 2443 et
808 2399 885 2459 Sprot.
898 2396 961 2442 conl.
974 2397 1018 2453 tx,
1030 2394 1084 2458 375.
1095 2421 1126 2432 -
1135 2393 1190 2451 448.
1204 2396 1286 2440 latino

211 2515 217 2526 ,
237 2468 300 2514 Gud.
315 2480 339 2514 et
351 2467 399 2512 duo
410 2465 449 2512 slii
459 2467 538 2514 Burm.
549 2493 579 2503 -
588 2466 642 2528 449.
655 2466 801 2514 AvebttExc.
815 2470 893 2515 Burni.
904 2471 1048 2534 apuoscitque
1055 2465 1124 2514 Goth.
1133 2477 1187 2512 tert.
1196 2467 1285 2524 -450,

237 2546 315 2584 ασιιιηι
322 2535 421 2582 Dorrill
432 2550 583 2600 campumque
591 2545 668 2582 utrum
677 2541 737 2601 rapit
746 2541 834 2602 opmiue
845 2548 922 2600 aperto
934 2537 1003 2584 Gotb.
1019 2553 1080 2592 see,
1092 2535 1186 2599 elegans
1202 2535 1286 2582 lectio:

237 2609 310 2656 modo
319 2609 449 2672 graviorem
459 2619 579 2656 auctorem
593 2608 698 2655 heberet.
708 2611 862 2657 transferunt
872 2621 947 2672 poete
957 2609 1093 2673 praedicata,
1107 2609 1215 2672 adeoque
1231 2609 1255 2654 h.
1270 2607 1284 2653 l.

238 2681 271 2728 etl
280 2696 402 2744 campum,
414 2680 479 2744 quod
490 2682 576 2744 agmini
589 2680 704 2728 debetur:
716 2685 777 2745 rapit
786 2699 891 2747 campum
901 2685 995 2748 nqmine.
1006 2705 1038 2718 υ·
1048 2680 1103 2738 454.
1114 2680 1210 2744 obrupto
1219 2681 1288 2726 Mon·

238 2903 300 2970 444
310 2901 426 2974 Vulgare
436 2902 590 2974 estrpulvis
598 2903 738 2968 miscetur,
783 2921 873 2956 rerem
894 2905 971 2956 refer.
990 2933 1023 2942 -
1036 2901 1086 2970 451
1108 2920 1166 2972 sqq.
1190 2903 1284 2954 lterum

238 2984 400 3039 turbaturin
410 3001 523 3054 campo:
537 2985 635 3054 etquis
646 2984 741 3035 obscu-
785 2975 844 3044 rior,
857 2984 931 3044 urite,
948 3001 998 3054 pro
1015 2982 1058 3044 ὅς,
1076 2979 1155 3040 odrae.
1173 2982 1285 3052 Compa-

239 3076 283 3116 rat
302 3081 407 3128 aerem,
424 3061 488 3114 binc
505 3063 605 3123 caec'us3
625 3075 656 3113 ut
673 3060 742 3114 solet
786 3059 1285 3115 rotioexllomeroductsrsedvnrieta

238 3155 321 3214 poete
336 3161 387 3212 pro
407 3159 455 3208 eo,
475 3142 521 3212 qui
543 3139 629 3193 risum
645 3141 742 3211 eripit,
787 3143 892 3214 egregie
903 3154 929 3194 et
939 3142 1117 3193 ornatunovis
1128 3141 1285 3193 accessioni-

240 3239 341 3274 caecmn
353 3219 452 3272 dicere.
461 3219 559 3286 --445Ι
571 3219 669 3285 excita,
681 3219 744 3272 doc·
787 3222 837 3274 bus
849 3245 855 3274 τ
867 3222 941 3274 llind.
955 3224 985 3283 4,
1001 3221 1052 3291 ²75
1065 3239 1140 3292 sqq,
1155 3239 1211 3273 non
1224 3239 1283 3274 vero

237 3303 290 3352 tius
311 3317 391 3369 quom
410 3299 532 3363 concita,
553 3315 692 3352 concussa.
709 3327 743 3338 -
787 3300 863 3352 lliad.
884 3321 910 3363 r,
935 3293 1063 3371 334'sqq.
1090 3303 1242 3370 comparari
1261 3313 1284 3352 ct

237 3379 300 3448 449.
313 3381 430 3430 Iuturna
442 3377 558 3450 refugit,
572 3377 688 3432 Camerti
701 3395 742 3430 ns·
786 3381 891 3432 Maroni
899 3379 1044 3431 obtrectari
1052 3379 1182 3432 debebat:
1194 3381 1284 3450 abrup-

238 3456 362 3508 simuletu
379 3475 462 3526 supra
482 3457 543 3522 554.
560 3456 661 3510 Eadem
680 3475 742 3508 mox
787 3458 921 3524 tesidere,
933 3457 1090 3529 magnifice,
1107 3477 1158 3530 pro
1173 3459 1282 3530 abrupta

238 3537 330 3588 Turno
342 3536 425 3590 fratre
442 3537 469 3586 in
487 3535 630 3588 discrimen
643 3533 742 3588 adduc·
785 3539 872 3603 nube,
885 3557 943 3608 quae
963 3538 1100 3603 nimbum,
1121 3540 1282 3608 procellam,

239 3627 284 3676 to,
298 3613 394 3664 iterum
407 3615 530 3668 insciens
542 3613 667 3684 pro'ditv.
678 3615 739 3680 468.
785 3619 858 3670 fecit.
879 3617 966 3669 Ausus
984 3616 1036 3668 hoc
1057 3616 1165 3669 videtur
1181 3631 1283 3689 poeta,

237 3695 269 3744 In
280 3708 333 3761 qno
343 3691 410 3747 nihil
420 3707 492 3754 erut,
505 3693 672 3766 quodminus
680 3713 741 3764 pro·
786 3713 868 3766 quum
877 3695 957 3747 semel
964 3695 1033 3747 sidus
1040 3694 1075 3747 de
1084 3708 1243 3769 tempestate
1251 3697 1283 3747 di·

238 3770 329 3824 babile
343 3768 428 3824 videri
441 3771 566 3826 debebat.
579 3776 669 3827 Potest
680 3777 739 3844 quis
786 3793 845 3826 cere
870 3774 989 3826 sollenne
1011 3775 1063 3841 sit,
1087 3779 1214 3846 quonism
1239 3776 1282 3828 sub
1337 3817 1338 3824 ,

158 3911 162 3922 ¹
240 3850 329 3902 subito
345 3851 570 3923 terroremque,
587 3852 740 3926 idemreci7
786 3867 920 3906 certorum
930 3854 1047 3906 siderum
1064 3868 1125 3907 ortu
1138 3857 1183 3908 vel
1193 3874 1284 3908 occasu
1336 3855 1338 3962 ι

240 3948 303 4000 pere
310 3928 490 3980 animnmetin
496 3929 637 3984 discrimen
643 3931 738 3986 redire.
784 3943 955 4004 tempestates
969 3933 1043 3983 liunt.
1056 3935 1178 4006 abruptis
1190 3933 1285 4007 procel·

276 4008 336 4074 450.
350 4005 433 4075 rapit,
445 4001 658 4064 ducitconoitate
671 4033 677 4062 ι
688 4010 740 4063 ele·
785 4009 816 4064 lis
829 4011 876 4064 Ge.
891 4013 943 4077 111,
962 4009 1021 4081 ²⁵9·
1039 4013 1161 4084 abruptis
1178 4015 1284 4066 nubibus

242 2821 740 2893 ι,οῑ443.444115441.λ,753.-
783 2821 1284 2896 pentiusqumnducitzatrumadpul·
