2724 4600
404 325 639 390 uuarnos
662 327 815 390 uranu
837 330 877 391 x.
1035 306 1037 315 ‘
1101 329 1158 392 133

119 447 285 515 Dardania
297 463 416 514 stratus
429 447 555 528 dextra,
569 471 703 514 securus
714 435 878 527 ainornm,

118 557 183 637 Qui
190 556 356 645 juvenum
368 555 429 618 tibi
441 577 572 642 semper
584 570 689 633 erant,
703 555 901 636 miserande,
911 555 1039 645 jaceres
1044 579 1062 658 7,

118 662 160 724 Ni
172 662 313 726 fratrum
325 661 441 749 stipata
453 660 571 724 cohors
585 661 671 724 foret
682 660 791 740 obvia,
806 661 927 727 Phorci

120 769 314 854 Progenies3
328 784 455 855 septem
467 788 620 844 numero,
635 780 835 855 septenaque
847 767 912 831 tela

120 873 308 962 Conjiciunt
320 896 327 935 :
340 873 459 960 partim
472 871 563 958 galea
574 870 748 959 clipeoque
760 873 925 936 resultant
1119 885 1162 932 33⁶·

120 979 237 1057 Inrita3
251 977 385 1042 deflexit
397 978 516 1066 partim
528 978 720 1065 stringentia
732 999 854 1066 corpus

120 1083 214 1146 Alma
226 1085 359 1148 Venus:
373 1082 477 1146 fidum
490 1083 606 1147 AEneas
619 1082 749 1147 adfatur
760 1083 906 1148 Achaten
919 1107 929 1145 .·

123 1218 137 1247 a
150 1189 295 1277 Suggere
307 1189 372 1253 tela
384 1188 478 1268 mihi,
494 1211 561 1252 uon
573 1189 679 1253 ullum
691 1187 824 1254 dextera
836 1190 961 1254 frustra·

120 1295 270 1358 Torserit
281 1295 316 1358 in
328 1294 482 1374 Rutulos,
495 1311 658 1359 steterunt
669 1319 743 1384 quae
755 1295 789 1358 in
802 1319 941 1384 corpore
953 1296 1088 1362 Graium

121 1400 229 1466 Iliacis
242 1401 401 1489 campis.»
417 1402 505 1464 Tum
517 1424 670 1489 magnam
682 1403 824 1490 conripit
836 1401 975 1484 hastam,
1120 1416 1163 1464 335

121 1507 164 1569 Et
169 1506 252 1594 jacit
263 1528 270 1568 ι
284 1507 338 1570 illa
351 1505 466 1570 volans
476 1506 573 1594 clipei
586 1507 826 1572 transverberat
838 1531 902 1573 aera

120 1611 276 1691 Maeonis,
291 1627 324 1676 et
336 1610 470 1677 thoraca
481 1612 579 1676 simul
591 1635 667 1676 cum
679 1630 814 1701 pectore
826 1617 965 1703 rumpit..

121 1719 209 1782 Huic
221 1718 324 1781 frater
335 1718 424 1782 subit
434 1718 588 1798 Alcanor,
602 1720 803 1809 fratremque
816 1739 969 1786 ruentem

120 1823 289 1888 Sustentat
300 1822 432 1889 dextra:
446 1823 692 1913 trajecto-missa
703 1825 829 1890 lacerto

152 1999 206 2062 327.
208 2003 305 2063 juvenes
315 1999 419 2047 Parthas.
426 2026 458 2037 -
465 2001 518 2048 328.
530 2001 594 2048 obvio
604 2001 691 2048 cohorti
697 2001 734 2048 ed.
743 2018 778 2064 pr.
787 2003 865 2047 Bmm.
876 2001 974 2049 Phorclti
983 2005 1047 2049 Rom.
1061 2017 1084 2051 et
1093 2006 1123 2052 al.
1135 2033 1167 2045 -

122 2070 175 2132 329.
194 2081 280 2134 septem
297 2087 401 2118 nunoeroa
412 2073 499 2119 Medic.
512 2090 525 2119 a
536 2089 568 2118 m.
580 2089 616 2135 pr.
635 2075 729 2120 Poterat
745 2086 768 2120 et
785 2074 830 2119 hoc
847 2075 929 2119 vitium
940 2076 965 2118 in
977 2074 1112 2138 elegantiam
1125 2078 1167 2124 d'e·

121 2141 197 2197 flecti3
212 2155 239 2188 ut
248 2145 278 2188 tit
288 2158 333 2204 pro
342 2158 456 2190 numerus.
467 2143 553 2190 Melius
565 2156 642 2190 autem
652 2147 685 2190 sic
698 2145 809 2208 distingui
821 2157 901 2207 putem
913 2161 918 2191 ι
932 2146 1068 2211 quenies:
1084 2158 1168 2211 septem

121 2228 160 2267 ru,
177 2229 250 2276 quam
260 2216 391 2260 continuari
402 2216 545 2270 orationem,
558 2227 583 2260 ut
593 2217 619 2261 in
628 2217 707 2263 Heius.
721 2229 744 2276 et
755 2219 833 2262 Burm.
846 2241 878 2252 —-
891 2215 944 2264 330.
957 2217 1081 2264 cornilione
1089 2221 1166 2266 Rulin.

122 2281 153 2327 de
163 2281 255 2328 Schem.
272 2284 327 2329 Lex.
340 2285 454 2331 Continuit
468 2284 526 2330 alter
538 2285 619 2352 llamb.
631 2297 719 2349 purtem
734 2287 800 2332 Rom.
820 2284 890 2349 clipeo
906 2284 1014 2351 quietique
1026 2287 1124 2334 Dorrill.
1137 2313 1168 2326 -

122 2351 176 2398 331.
195 2353 313 2398 stridentia
328 2354 414 2400 Medic.
427 2371 439 2400 a
452 2371 482 2399 m.
494 2371 530 2417 pr.
542 2381 574 2390 -
584 2355 638 2402 333.
652 2357 736 2420 suffice
749 2355 792 2402 telo
808 2355 863 2401 milti
877 2370 900 2403 et
917 2373 970 2403 mox
982 2358 1094 2420 Sparserit
1106 2362 1129 2403 in
1138 2352 1165 2403 'rt

121 2423 231 2470 Barthius
242 2441 272 2472 ex
282 2437 328 2472 vet.
341 2426 418 2472 Schol.
435 2427 524 2488 profert
534 2427 564 2472 ad
580 2429 636 2490 Stat.
646 2430 689 2473 Vll
699 2429 773 2475 Theb.
788 2427 839 2490 593.
852 2427 940 2474 nouam
955 2430 1035 2476 dexou
1049 2445 1098 2475 meo
1112 2431 1165 2476 Ere.

122 2495 201 2540 Burm.
215 2521 245 2531 -
258 2493 311 2553 334.
323 2504 431 2542 steterant
440 2497 529 2544 editum
540 2510 593 2544 ante
605 2500 666 2546 Pier.
679 2503 781 2546 stetenitt
795 2499 880 2546 Medic.
893 2517 905 2545 ι
918 2517 948 2545 m.
967 2517 1016 2562 pr„
1032 2512 1081 2546 tum
1098 2509 1168 2548 stete-

121 2575 220 2630 runtque
230 2566 298 2613 Goth.
311 2586 351 2632 pr.
361 2580 384 2614 et
395 2585 441 2616 sec.
459 2585 514 2617 cum
527 2571 587 2626 nt,
602 2574 682 2636 sicque
694 2589 706 2618 a
718 2571 838 2618 nonnullis
849 2571 934 2618 lectum
951 2575 1061 2619 Serviane
1072 2573 1166 2619 docent.

123 2652 174 2700 quoe
187 2637 252 2683 abest
264 2655 277 2683 a
288 2639 369 2685 Franc.
383 2642 406 2684 in
420 2655 514 2704 corpora
530 2639 589 2688 alter
601 2643 682 2688 llamh.
694 2668 725 2678 -
737 2643 790 2688 336.
803 2658 854 2689 oras
863 2642 922 2689 alter
934 2642 1014 2687 llamb.
1028 2653 1051 2688 et
1063 2641 1170 2692 Parrhase

125 2724 177 2753 cum
190 2709 261 2754 Goth.
274 2724 333 2767 teo,
345 2722 372 2755 nt
383 2711 425 2756 inl.
437 2728 458 2757 r.
471 2710 524 2774 477.
538 2727 595 2758 aerea
604 2713 701 2760 Mentel.
714 2731 750 2777 pr.
763 2731 816 2760 am.
827 2731 862 2776 pr.
873 2738 905 2749 —-
916 2712 969 2774 337.
981 2708 1088 2760 Μαίονος.
1101 2714 1167 2759 Meo·

127 2782 161 2824 m's
175 2792 232 2826 vett.
251 2780 306 2826 edd.
325 2785 386 2845 rupit
398 2783 466 2828 llom.
479 2799 532 2828 curn
544 2783 634 2848 aliquot
645 2788 723 2832 Burm.
737 2798 759 2832 et
771 2785 840 2832 Goth.
851 2785 920 2832 bini‘s.
934 2809 964 2820 -
974 2783 1027 2843 339.
1041 2782 1169 2828 Substentot

127 2847 185 2895 alter
192 2849 276 2895 llamh.
287 2851 419 2898 Sustentant
426 2853 507 2898 Franc.
518 2853 612 2902 lacertos
621 2857 707 2904 Mechc.
718 2872 771 2902 am.
782 2873 819 2918 pr-

128 3009 233 3057 rorum,
246 2995 293 3064 qui
306 2994 354 3047 tibi
371 3013 476 3067 semper
491 3010 556 3049 erat.
569 2998 626 3050 Oc·
670 3001 779 3050 omnino
795 2996 870 3048 lliad.
890 3017 919 3060 r,
941 2996 991 3046 260
1009 3009 1082 3063 sqq-3
1103 3005 1168 3063 puta

129 3073 209 3124 currit
226 3072 279 3124 hoc
298 3076 384 3145 ipsum
396 3076 424 3126 in
436 3093 557 3142 sensum,
576 3096 626 3128 nec
669 3075 848 3149 igiturhastas
861 3093 893 3127 ex
905 3073 1000 3144 pugnis
1016 3089 1076 3122 cum
1089 3069 1168 3121 Achi-

131 3151 624 3227 adeodirerseidpoetaposueratsup.
669 3158 709 3207 vis
722 3154 857 3217 collectas,
865 3163 892 3204 'et
900 3151 1041 3222 diligenter
1050 3163 1168 3202 servatas

130 3230 239 3284 AEnlib.
246 3234 267 3298 1,
274 3231 626 3308 3bosecurusamorum9er-
671 3235 780 3286 AEneam
788 3251 876 3285 secum
885 3231 1012 3284 attulisse.
1020 3249 1072 3282 non
1081 3228 1168 3281 ullum

131 3327 225 3376 munte,
233 3312 402 3381 nouaculam,
410 3333 464 3367 non
473 3316 625 3386 respiciens.
671 3321 773 3368 dextera
784 3316 886 3382 frustra
907 3314 1008 3366 torserit
1028 3315 1170 3366 Homerica

132 3388 241 3458 (Tamen
250 3391 321 3443 Serv.
333 3391 427 3464 Scalig.
439 3397 562 3447 Burman.
574 3414 626 3446 om·
671 3395 795 3468 gloriatio
818 3393 1014 3466 Pulydamantis
1037 3391 1112 3443 lliad.
1137 3393 1169 3458 ξ,

131 3487 180 3521 nes
190 3471 217 3522 iu
227 3469 333 3523 diversa
345 3471 452 3524 abeunt.
460 3474 575 3545 )-331.
585 3492 627 3539 ea,
672 3477 723 3544 453
734 3496 773 3547 sq.
784 3506 818 3516 -
829 3475 880 3544 339
892 3503 927 3514 -
939 3473 998 3540 341.
1007 3474 1134 3544 impetum
1144 3486 1170 3525 et

132 3567 196 3620 qure-
209 3551 337 3622 stringere
355 3564 492 3621 poterant,
507 3571 627 3625 eorpus,
671 3559 725 3608 vim
734 3558 836 3625 jactus,
848 3553 970 3624 adeoque
979 3553 1171 3616 robur-Enete,

132 3629 237 3704 deflexit
244 3669 253 3695 ,
265 3631 371 3684 utiuno
381 3634 439 3686 AEn.
447 3633 493 3685 lib.
502 3635 551 3699 lX,
561 3633 627 3704 725,
673 3635 793 3688 declarat
807 3645 888 3706 poeta
899 3655 904 3682 :
922 3633 1051 3685 Maeonem
1064 3632 1170 3703 clipeo,

133 3710 183 3777 726
198 3712 226 3761 in
239 3711 332 3762 Turno
343 3735 349 3763 z
362 3712 477 3765 deorum
489 3713 561 3785 apud
572 3717 628 3765 llod
673 3715 797 3782 thorace,
810 3727 835 3766 et
843 3725 951 3785 pectore
964 3711 1089 3764 transfixo
1100 3713 1172 3763 occi-

132 3808 232 3842 merum
242 3791 363 3863 exemplo
371 3793 447 3846 lliad.
458 3795 484 3856 d,
497 3811 627 3867 rapseqq.
674 3794 761 3856 derat;
781 3813 852 3845 nunc
870 3791 948 3844 hasta
968 3791 1020 3844 alia
1036 3792 1069 3843 ab
1089 3793 1172 3842 AEnea

133 3887 155 3927 ¹2
171 3869 218 3937 187
229 3887 269 3942 sq.
279 3901 315 3910 -
325 3871 384 3924 333.
398 3873 512 3944 Suggere
521 3871 572 3924 tela
581 3875 630 3924 mi·
674 3875 771 3926 emissa
783 3873 922 3926 Alcanoris
934 3870 1072 3923 brachium
1086 3882 1173 3920 trans·

134 3945 175 4008 lti,·
194 3948 307 4002 heroum
325 3951 526 4003 Homericorum
547 3969 628 4022 opes:
674 3953 742 4024 figit,
755 3966 781 4004 et
793 3956 897 4025 trajecto
910 3955 965 4022 ejus
976 3949 1071 4001 lacerto
1081 3968 1111 3999 ea
1118 3948 1172 4017 fu-

134 4024 268 4082 hastarum
288 4031 368 4102 copia
379 4032 534 4096 intermario
546 4033 630 4086 :ride
672 4033 714 4105 pit
720 4033 855 4104 protinus,
865 4050 961 4104 porro,
974 4027 1099 4091 ulterius,
1111 4045 1172 4096 per-
