2736 4598
260 262 321 340 224
504 253 537 316 r.
561 248 794 314 vinoun
817 245 1049 312 usnosus

257 385 332 470 lpse
344 380 532 466 Mycenaeus
543 395 739 460 magnorum
752 370 869 434 ductor
880 368 1040 434 Achivom
1114 385 1118 392 '

257 485 413 575 Conjngis
426 479 568 544 infandae
578 480 683 566 prima
695 478 779 541 intra
791 476 905 540 limina
916 474 1030 540 dextre

257 591 420 680 Oppetiit;
433 586 594 650 devictam
607 584 716 648 Asiam
728 579 876 646 subsedit
887 579 1026 644 adulter.

257 697 418 766 Invidisse
432 693 525 773 deos,
539 691 651 779 patriis
663 708 700 752 ut
712 688 859 752 redditus
871 689 935 751 aris

258 803 455 894 Gonjugium
468 813 631 886 optatum,
645 812 678 860 et
689 793 860 884 pulchram
872 791 1041 881 Calydona
1051 791 1218 858 viderem!
1258 823 1304 869 ²7·

255 993 302 1042 vill.
314 1001 338 1037 st
348 989 429 1047 Lilryeo
442 984 493 1030 bob.
504 983 574 1029 Goth.
587 994 640 1028 tert.
652 979 772 1040 Libycosve
783 978 853 1024 Goth.
865 992 901 1041 pr.
914 1003 946 1014 -
959 978 1011 1041 ²67.
1027 979 1132 1044 Conjaqis
1148 981 1303 1045 (infandum)

259 1063 363 1112 Mamali.
373 1062 413 1115 tv,
425 1058 449 1114 d.
460 1055 571 1118 Exempla
581 1069 652 1101 nemo
664 1053 733 1100 facile
745 1051 878 1098 desideret:
888 1051 931 1096 sed
942 1049 1008 1096 dabit
1016 1050 1086 1113 plena
1094 1067 1168 1098 mann
1176 1055 1306 1098 Burmann.

260 1136 291 1184 ad
301 1129 425 1192 Antbolog.
439 1129 488 1174 Lat.
500 1142 524 1187 p.
540 1125 595 1186 196,
607 1127 688 1186 sicque
699 1120 806 1184 placebat
817 1119 895 1183 legere
906 1121 949 1167 Ge.
961 1121 1067 1167 Fabricio
1078 1138 1083 1167 :
1099 1125 1142 1185 qni
1160 1133 1241 1169 tamen
1251 1138 1306 1168 mox

259 1205 330 1259 vidit,
341 1213 473 1263 expressum
486 1210 534 1241 esse
546 1196 711 1240 Homericum:
725 1190 844 1250 οὐλομένης
857 1187 964 1248 ἀλόχοιο.
978 1195 1035 1236 ester
1044 1191 1089 1237 dm.
1104 1192 1197 1256 aliquot
1208 1195 1308 1247 Heiusii,

260 1277 301 1340 qui
311 1272 336 1318 id
346 1279 466 1330 receperat
477 1268 561 1312 iterum
574 1267 674 1327 ejectum
686 1265 755 1309 tacite
765 1278 777 1306 a
789 1263 868 1307 Burm.
882 1259 967 1306 lumina
975 1262 1064 1309 anicb.
1077 1279 1131 1309 cuin
1147 1263 1219 1309 Goth.
1236 1275 1307 1318 tert„

260 1361 309 1393 non
321 1344 380 1389 adeo
392 1338 459 1384 male.
474 1362 504 1372 -
517 1337 569 1384 268.
584 1335 721 1382 Procubuit:
736 1335 759 1379 d.
774 1345 831 1380 vett.
844 1333 899 1380 edd.
913 1333 1027 1380 Macrobii
1039 1335 1070 1380 lv
1089 1337 1135 1380 Sat.
1155 1336 1178 1382 3.
1196 1337 1307 1380 deuictum

259 1422 340 1465 Asiam
349 1411 448 1457 subsedit
456 1408 565 1470 praeclare
577 1409 669 1469 Menag.
683 1405 741 1452 alter
753 1417 776 1452 et
788 1421 800 1450 a
810 1421 841 1450 m.
853 1421 889 1466 pr.
900 1405 987 1451 Medic.
1001 1416 1024 1452 et
1037 1405 1113 1462 θοοὶ-ς
1124 1422 1179 1452 nam
1191 1407 1221 1452 ab
1233 1406 1307 1452 altera

260 1503 332 1534 manu
340 1481 438 1546 possedit
448 1477 614 1539 interpolatum
627 1488 675 1531 est,
687 1477 721 1520 uti
733 1477 803 1521 etiam
813 1476 878 1520 Rom.
889 1475 997 1520 dotum
1012 1477 1091 1521 Assum
1105 1477 1217 1539 possedit,
1233 1474 1307 1522 babe-

259 1561 307 1606 bat.
323 1553 369 1601 Sed
375 1553 486 1598 devictum
501 1550 581 1593 Asiam
591 1547 691 1593 subsedit
702 1549 772 1592 etiam
786 1547 911 1592 damianus
920 1547 1017 1592 Messius
1027 1549 1129 1610 agnoscit
1140 1565 1146 1594 ι
1158 1557 1182 1593 et
1192 1546 1307 1606 subsidere

261 1630 290 1677 de
302 1626 392 1673 insidiis
403 1622 495 1684 elegans
506 1617 644 1666 vocabulum
655 1634 661 1663 ε
673 1619 721 1665 vid.
732 1619 786 1663 Not.
797 1619 877 1680 ltaque
888 1619 925 1664 Jo.
935 1619 998 1663 Frid.
1011 1619 1122 1664 Gronorii
1132 1619 1226 1682 judicio
1238 1618 1303 1664 Obss.

259 1703 283 1757 l,
300 1715 326 1761 ¹7
340 1697 447 1743 Heinsius
457 1693 546 1754 recepit
555 1705 598 1751 pro
609 1687 698 1751 vulgari
709 1705 715 1734 :
725 1689 812 1735 devicto
823 1691 892 1744 Asia,
908 1688 972 1752 quod
979 1691 1076 1736 *Servius
1087 1688 1147 1736 male
1157 1690 1304 1751 preferebat.

233 1775 237 1786 ¹
258 1773 287 1816 ln
298 1768 363 1815 beid.
377 1777 425 1811 erat
437 1763 523 1810 devicto
531 1764 654 1824 Asiamque
664 1759 760 1815 obsedit,
769 1762 794 1805 in
801 1759 892 1822 Menag.
905 1775 941 1822 pr.
951 1761 1037 1805 ἀευίοῑα
1046 1761 1146 1824 Asiaque
1154 1759 1252 1814 obsedit,
1261 1758 1303 1804 Ed.

260 1843 321 1888 Ven.
337 1841 415 1887 Burm.
428 1837 514 1881 doute
525 1833 582 1877 Asu
589 1835 725 1894 permansit,
737 1833 791 1877 Exc.
804 1832 882 1876 Burm.
893 1831 942 1876 dev.
952 1831 1009 1876 Asia
1018 1831 1059 1877 sub
1061 1830 1140 1896 sedus.
1152 1857 1186 1866 -
1199 1832 1250 1892 269.
1262 1831 1304 1874 ln-

261 1911 336 1956 videie
347 1908 390 1964 dii,
404 1923 428 1969 p.
445 1902 515 1948 Goth.
528 1913 586 1955 tert;
600 1902 628 1948 ab
647 1901 820 1963 interpolatrice
836 1916 919 1956 mann,
931 1902 1015 1958 credo,
1029 1914 1056 1947 nt
1071 1900 1202 1947 difficiliori
1219 1901 1303 1946 rationi

260 1983 410 2029 substitueret
421 1975 558 2021 faciliorem.
571 1975 679 2019 Invidisse
690 1975 743 2020 deos
753 1989 796 2034 pet·
805 1972 995 2019 exclamationem
1006 1973 1093 2020 dictum
1102 1988 1107 2018 :
1117 1987 1149 2018 sc.
1159 1989 1192 2016 an
1200 1971 1303 2035 referent

260 2052 312 2109 vel,
323 2049 432 2098 credetne
444 2045 544 2107 aliquis?
553 2061 632 2091 annon
644 2046 729 2092 durum
741 2044 786 2092 est!
798 2053 858 2107 potr.
874 2060 902 2090 oe
913 2045 975 2090 redd.
992 2045 1074 2092 Hamb.
1086 2060 1122 2106 pr.
1133 2056 1157 2090 et
1168 2044 1240 2090 Goth.
1253 2055 1304 2088 tert.

260 2127 288 2170 ln
305 2123 351 2168 line
370 2121 414 2166 oris
432 2115 553 2178 oblongus
571 2117 642 2163 Pierii
660 2129 683 2163 et
700 2132 755 2178 pars
765 2117 845 2162 Heius.
859 2132 912 2162 cnm
927 2128 984 2162 vett
997 2117 1051 2164 edd.
1064 2118 1123 2163 etin
1136 2115 1192 2162 edd.
1209 2114 1306 2176 vulgatis
1353 2161 1354 2168 ἵ

261 2194 317 2242 inde
329 2192 358 2238 ab
372 2188 440 2233 Aldd.
456 2190 535 2250 putrit's
554 2200 631 2235 tamen
647 2192 693 2234 ort's
713 2188 821 2243 codicum
837 2190 908 2234 etiam
924 2175 1163 2250 praestantissimorum
1181 2200 1305 2232 consensus
1353 2197 1354 2212 ¹

263 2275 353 2318 tuetur,
366 2259 452 2306 Medic.
467 2261 564 2306 Romani
576 2273 634 2318 eto,
647 2273 670 2307 et
681 2262 753 2306 miror
761 2258 806 2305 boc
817 2260 846 2306 ab
858 2261 953 2306 Heinsio
966 2272 1085 2322 receptum
1095 2262 1180 2306 iterum
1191 2255 1305 2322 expulisse

262 2336 432 2385 normannum,
443 2332 549 2392 inprimis
558 2347 611 2376 cum
621 2335 702 2394 patrie
712 2355 743 2366 -
753 2344 800 2375 oroe
812 2332 888 2375 statim
899 2348 921 2376 v.
936 2329 977 2376 281
992 2331 1074 2376 iterum
1085 2340 1210 2374 occurrant
1221 2343 1226 2372 :
1238 2341 1307 2372 revo-

262 2406 312 2450 cari
324 2405 403 2464 itaque
414 2402 438 2445 in
452 2401 495 2447 bac
508 2403 619 2449 editione.
632 2401 736 2448 Tandem
748 2400 856 2446 nonnulli
868 2400 931 2462 apud
941 2401 1001 2448 Pier.
1017 2400 1173 2446 exhibebant:
1187 2401 1307 2462 patriis—-

263 2475 343 2539 Arqis,
355 2473 420 2536 quod
434 2489 471 2534 ap.
483 2473 551 2520 ovid.
565 2475 616 2518 xlv
628 2473 684 2519 Met.
700 2473 746 2534 476
763 2472 845 2517 itidem
856 2474 958 2518 occurrit
973 2475 998 2517 in
1012 2471 1069 2518 libb.
1081 2487 1124 2532 pro
1137 2469 1229 2532 vulgari
1248 2470 1306 2533 aqvas

262 2543 300 2592 vel
317 2546 390 2598 ανυίο,
409 2555 432 2590 et
450 2546 533 2589 merito
544 2544 577 2589 ibi
589 2545 685 2590 Heinsio
699 2543 824 2605 probatum
836 2553 859 2587 at
875 2541 899 2586 h.
914 2541 930 2587 l.
949 2541 1039 2588 admitti
1057 2555 1207 2602 nequaquam
1219 2549 1307 2599 potest,

261 2631 336 2678 quum
347 2625 416 2675 poeta
429 2614 572 2678 Calydonem
583 2615 720 2677 subJ'ungat‚
733 2615 839 2676 adeoque
848 2617 935 2676 pausos
945 2629 999 2658 orus
1010 2612 1039 2658 de
1052 2611 1133 2657 AEtolia
1145 2623 1169 2656 et
1185 2609 1305 2673 Calydone

263 2687 379 2748 accepisse
390 2684 466 2732 videri
478 2686 570 2734 debeat.
580 2709 612 2722 -
621 2701 673 2748 ²70·
686 2683 807 2749 pulcbiatm
819 2685 867 2730 dito
878 2686 956 2730 Bur-m.
970 2682 1070 2748 pulchro
1080 2685 1131 2745 ejus
1141 2683 1198 2740 Eae.

261 2849 430 2920 qnelooris3
440 2867 490 2899 neo
500 2849 568 2899 enim
579 2847 666 2898 Ozolae
677 2847 761 2915 (male
807 2850 910 2900 occisus
924 2850 974 2900 sit:
990 2850 1039 2900 etsi
1057 2847 1180 2899 consitio
1196 2847 1225 2897 in
1241 2844 1306 2897 cele

263 2926 578 3000 Ozoli)etEpizephprii;
591 2926 638 2976 sed
650 2926 763 2994 Opuntii
807 2927 896 2980 briore
919 2927 1014 2978 sedium
1032 2927 1092 2978 loeo
1112 2925 1304 2988 habebantur,

262 3021 340 3061 erant
351 3003 516 3059 memorandi
528 3021 558 3054 ex
572 3003 692 3065 Iliade,
710 3004 757 3056 531
805 3009 943 3078 interque
955 3006 1197 3059 caesusiltetuim.
1209 3005 1303 3076 Odyss.
1351 3037 1352 3072 ο

264 3105 304 3159 sq.
322 3087 374 3137 Alii
393 3080 424 3135 e'x
441 3083 531 3132 Locris
549 3079 591 3132 bis
609 3085 637 3134 in
653 3085 760 3136 Bruttiis
805 3100 834 3146 a,
852 3087 902 3152 408
920 3098 945 3138 et
960 3103 1033 3156 seqq.
1049 3106 1084 3126 -’-
1097 3085 1157 3137 268.
1175 3085 1303 3136 victorem

261 3165 448 3220 consederant.
471 3160 523 3211 vid.
547 3177 604 3232 sup.
629 3162 689 3215 libr.
711 3164 760 3230 lll,
803 3166 890 3234 Trojae
920 3165 1021 3217 insidiis
1051 3159 1154 3234 excepit
1190 3161 1301 3216 adulter.
1351 3215 1352 3236 Χ

262 3247 324 3314 399.
338 3243 409 3294 conf.
420 3241 456 3290 ibi
466 3239 536 3292 Serv.
550 3270 584 3279 -
598 3243 758 3298 abb—268·
804 3242 944 3314 Magnifice
959 3243 1047 3293 verbis
1059 3247 1196 3295 ornatum!
1217 3242 1304 3295 Subsi-

263 3323 302 3374 De
313 3323 525 3390 Agamemnone,
539 3321 584 3388 qui
596 3321 761 3393 Clytaemnes·
800 3321 863 3372 dere
874 3320 907 3371 de
919 3318 1034 3386 insidiis,
1051 3316 1194 3389 exquibus
1208 3322 1302 3391 uliquis

260 3415 309 3452 trae
317 3411 342 3450 et
350 3395 460 3468 AEgistlti
468 3397 664 3469 insidiisperiit.
671 3400 759 3470 prima
804 3418 835 3452 ex
848 3400 992 3467 improviso
1010 3397 1145 3464 adoritur,
1162 3401 1266 3454 invadit
1278 3413 1302 3453 et

261 3474 459 3539 detrudimus,
476 3490 542 3546 puto
561 3477 675 3544 dictum,
691 3497 758 3548 pro,
802 3478 935 3546 intercipit
951 3493 1058 3527 rem.--
1072 3478 1130 3547 obp
1150 3497 1211 3550 apo.
1229 3481 1303 3532 Inoi-

263 3559 291 3610 in
301 3557 387 3627 primo
396 3557 482 3608 stetim
493 3557 596 3623 limine,
604 3559 630 3611 h.
640 3579 662 3610 e.
671 3561 758 3629 primo
800 3556 864 3607 disse
875 3556 934 3606 deos
947 3571 984 3606 sc.
999 3572 1034 3607 an
1045 3558 1173 3610 referem!
1184 3579 1214 3629 p.
1227 3557 1302 3630 Coly-

263 3636 758 3707 aediumingressu,quumvixdomum
802 3637 869 3687 dona
889 3634 1011 3688 uiderem.
1032 3639 1082 3690 Hic
1102 3642 1144 3690 sui
1161 3659 1220 3692 non
1238 3642 1301 3694 satis
1350 3687 1351 3690 ,

209 3735 221 3753 s
262 3715 393 3766 intrasset.
411 3713 532 3766 Servius:
547 3718 574 3766 in
591 3718 649 3786 ipso
667 3716 757 3766 limine
797 3733 903 3768 memor
923 3718 975 3788 ¹fnit
998 3719 1084 3772 Maro.
1105 3721 1191 3790 Argos
1215 3721 1302 3773 redire
1350 3721 1351 3725 ’

257 3795 380 3864 imperii,
400 3793 499 3858 idest,
523 3795 550 3860 io
570 3795 664 3847 litore:
685 3791 759 3863 quod
800 3796 943 3849 Diomedes
965 3797 1070 3863 debuit,
1091 3799 1189 3870 quibus
1208 3819 1303 3873 regna·

259 3891 316 3924 non
343 3871 440 3944 placet.
464 3872 516 3924 Sed
536 3892 585 3925 neo
608 3873 644 3924 ad
670 3872 759 3924 locntn
802 3875 862 3942 bat,
882 3890 908 3929 et
925 3878 972 3929 ubi
993 3895 1060 3930 uxor
1080 3879 1208 3951 degebat,
1230 3881 1300 3933 unde

264 3951 358 4006 sedium
376 3953 475 4006 referre
495 3952 571 4018 licet,
595 3965 624 4003 ut
643 3954 671 4003 in
690 3953 758 4004 attio
802 3957 893 4028 copias
915 3955 1060 4025 eduxerat,
1079 3975 1134 4010 non
1156 3957 1300 4026 istoriam,
