2724 4600
368 288 777 383 austoosstssa
800 303 839 368 x.

85 407 303 494 Nunc'sinite3
318 429 351 491 et
362 417 518 503 placitum
530 419 595 482 laeti
607 425 783 509 conponite
796 421 913 490 foedus.
926 455 941 484 ι

124 520 283 608 luppiter
292 519 364 585 haec
376 524 488 608 paucis
500 547 506 586 :
520 541 552 588 at
563 548 631 588 non
643 528 755 592 Venus
767 552 866 594 aurea
878 549 991 596 contra

9 659 14 690 ι
86 629 189 690 Pauca
202 627 324 688 refert:

9 815 10 818 Ἴ
89 732 263 809 ιΟΡειῑθι,
279 729 484 795 ohominum
497 727 675 823 divomque
688 753 807 809 aeterna
819 745 977 826 potestas!
1047 765 1050 771 ·
1116 713 1121 722 Ι

85 837 235 922 Namque
248 834 339 898 aliud
352 834 432 924 quid
444 837 499 916 sit,
514 838 605 926 quod
614 839 682 928 jam
695 840 858 928 inplorare
872 851 1050 933 queamus?
1117 865 1122 878 ’·

86 940 198 1004 Cernis
211 957 249 1003 ut
260 941 419 1016 insultent
432 944 774 1034 Rutuli5Turnusque
786 949 910 1014 feratur
1097 986 1125 1035 ιο

9 1131 10 1136 ¹
84 1047 144 1109 Per
155 1043 287 1109 medios
300 1046 435 1134 insignis
448 1049 556 1136 equis,
570 1048 783 1140 tumidusque
795 1054 942 1120 secundo

85 1153 190 1215 Marte
202 1152 296 1214 ruat?
307 1173 374 1214 non
386 1153 494 1240 clausa
506 1170 622 1241 tegunt
628 1155 697 1244 jam
709 1159 829 1222 moenia
841 1161 998 1227 Teucros.

86 1353 128 1390 tm
136 1342 208 1389 Goth.
217 1359 253 1405 pr.
262 1345 341 1388 invitet
348 1358 393 1389 sec.
405 1346 512 1392 immiscet
520 1359 573 1405 tert.
584 1373 617 1384 ·-
631 1351 665 1395 15.
677 1347 786 1412 placitum
795 1339 873 1397 lleins.
884 1364 946 1399 recte
956 1364 1034 1400 tuetur
1043 1373 1056 1402 e
1065 1357 1125 1405 Pier.

85 1427 106 1458 et
114 1425 180 1476 parte
190 1427 287 1457 suorum
297 1427 323 1457 ac
333 1414 419 1458 Servio.
430 1415 476 1460 Alii
484 1415 610 1478 placidum,
621 1421 690 1464 etiam
699 1420 784 1466 Medic.
799 1417 845 1465 laett'
851 1419 972 1484 placidum.
990 1426 1038 1470 Nec
1050 1437 1127 1472 tamen

83 1483 189 1546 placitum
199 1499 253 1528 cum
262 1485 343 1530 Servio
359 1486 533 1546 accipiendum,
545 1488 614 1544 mihi,
625 1489 678 1536 Jovi
689 1506 695 1534 t
707 1491 748 1536 sed
758 1489 843 1553 placito
852 1506 904 1538 sunt
918 1498 995 1540 omnia
1004 1509 1083 1558 pacta,
1102 1501 1127 1544 in

85 1569 133 1616 quae
142 1565 314 1598 consenserunt
324 1552 415 1614 plures,
427 1554 451 1600 h.
468 1558 532 1618 quod
548 1559 576 1604 iis
592 1558 731 1620 placuit-
745 1561 779 1606 16.
792 1564 860 1606 atteia
877 1565 939 1625 conj.
950 1564 1059 1610 Waddel.
1070 1569 1127 1612 Ani—

85 1623 208 1670 madverss.
219 1625 271 1670 crit.
282 1640 306 1686 p.
318 1622 360 1679 33,
371 1640 502 1688 perperam.
514 1653 545 1664 -
560 1627 593 1674 18.
604 1646 618 1675 o
626 1645 669 1692 que
679 1628 792 1676 hominum
802 1632 919 1689 Parthas,
932 1650 1000 1696 quam
1013 1637 1126 1699 Apronia-

9 1709 10 1734 ι
84 1707 134 1738 nam
144 1709 194 1740 esse
205 1692 333 1738 lectionem
348 1693 394 1739 Jul.
412 1696 464 1741 sih.
481 1697 559 1742 tradit.
577 1696 690 1743 hominum
706 1715 825 1764 rerumque
840 1705 1009 1763 prestantiores
1025 1707 1095 1751 Pierii
1105 1718 1128 1752 et

83 1763 170 1808 Heinsii
180 1762 251 1808 codd.
261 1778 342 1808 omnes
353 1766 465 1823 (omnium
473 1782 590 1832 rerumque
597 1769 663 1814 Rom.
675 1771 682 1828 )
698 1784 750 1815 cum
760 1771 838 1816 Valer.
849 1772 937 1828 Probo;
946 1773 1018 1836 idque
1025 1791 1126 1838 sequen·

9 1849 11 1890 j
84 1831 136 1876 dum
146 1847 198 1878 esse
208 1833 242 1878 ait
251 1833 370 1888 Heinsius,
385 1849 429 1880 nec
438 1847 517 1882 tannen
526 1840 628 1899 recepit;
640 1850 697 1900 puto
707 1853 768 1884 casu.
779 1841 884 1885 variasse
893 1841 986 1886 videtur
995 1857 1063 1904 poeta
1074 1861 1127 1892 ver·

84 1918 153 1948 suma
169 1902 242 1964 hujus
258 1902 321 1948 libri’.
333 1905 442 1950 Ceterum
453 1907 500 1951 Jul.
513 1906 611 1953 Sabinus
622 1907 731 1970 subjicit:
746 1912 815 1954 Totus
831 1913 872 1954 iste
888 1908 948 1954 locus
964 1921 1041 1956 estex
1055 1919 1127 1975 primo

83 1971 172 2030 Lucilii,
185 1973 250 2036 apud
257 1989 324 2036 quem
334 1975 483 2021 introducitur
490 1974 608 2023 concilium
617 1979 709 2023 deorum
724 1979 752 2022 de
768 1981 857 2023 interitu
866 1979 940 2040 Lupi(
948 1992 982 2024 est
991 1983 1010 2025 is
1018 1994 1087 2028 notus
1099 1999 1127 2029 ex

83 2044 337 2101 norat.'11sat.1‚6s‚
355 2058 378 2092 et
387 2047 435 2092 Cic.
445 2047 475 2092 de
485 2049 512 2092 N.
523 2050 551 2092 D.
566 2064 585 2104 ι,
603 2047 644 2103 23,
661 2059 684 2093 et
700 2060 774 2094 totum
790 2049 870 2094 Sabini
885 2049 996 2094 Scholion
1011 2051 1128 2100 illustrant

82 2117 218 2177 Fragmenta
228 2115 312 2162 Lucilii
322 2134 346 2178 p.
359 2117 409 2164 260.
424 2120 476 2164 261.
489 2119 551 2165 conl.
562 2123 625 2165 Serv.
636 2119 678 2164 inf.
689 2118 718 2179 ad
727 2136 749 2165 v.
767 2117 816 2174 rod.
826 2120 834 2178 )
846 2144 876 2154 -
891 2133 925 2181 19.
934 2123 984 2183 jam
995 2121 1060 2169 deest
1071 2137 1125 2170 tert.

9 2203 10 2216 ¹
84 2188 191 2233 llottend.
204 2181 238 2224 -'-
250 2203 287 2232 to.
301 2185 411 2234 insultant
425 2202 524 2252 quatuor
534 2207 570 2252 ap.
583 2192 675 2246 Burm,
690 2192 731 2252 qui
742 2191 839 2235 remittit
851 2191 881 2236 ad
890 2190 937 2236 Ecl.
949 2193 982 2248 ll,
994 2193 1031 2238 66.
1044 2220 1074 2230 -
1088 2211 1124 2242 22.

82 2257 181 2304 claustra
197 2259 286 2304 Medic.
303 2262 407 2323 Arripuit
422 2260 467 2306 hoc
483 2260 627 2318 Wakefield,
647 2277 746 2324 cumque
762 2265 786 2306 in
802 2277 843 2307 ms.
860 2261 918 2308 Coll.
934 2265 981 2310 Jes.
995 2277 1054 2311 esset
1064 2283 1069 2312 :
1081 2264 1128 2314 mi

81 2330 178 2383 moeuia,
190 2330 242 2390 ipse
252 2329 345 2374 refinxit
355 2332 379 2374 in
395 2332 445 2392 ipso
459 2333 577 2377 carmine:
590 2347 634 2376 non
648 2330 748 2376 claustra
765 2340 853 2396 tepent,
864 2345 909 2378 nou
923 2337 1003 2378 moenia
1020 2338 1124 2383 Teucros.
1217 2384 1219 2390 ,

82 2397 156 2443 Inesse
166 2399 214 2443 vim
225 2397 327 2460 aliquam
337 2399 362 2443 in
372 2402 512 2462 repetitione
522 2400 585 2446 haud
594 2415 672 2462 neges.
685 2403 713 2446 Et
727 2399 827 2446 claustra
843 2417 886 2462 pro
901 2405 974 2462 portis
989 2404 1058 2449 bene.
1078 2407 1125 2452 Nec

81 2477 156 2512 tamen
167 2479 203 2512 est
212 2469 239 2511 in
248 2467 343 2529 vulgato
353 2467 455 2532 aliquid,
468 2470 532 2534 quod
541 2483 635 2532 poetam
645 2470 756 2517 dedeceat
762 2489 769 2527 ;
778 2483 804 2516 ut
813 2469 891 2517 clausa
900 2473 978 2518 domus
987 2473 1057 2537 vulgo
1066 2476 1126 2522 dici-

82 2636 205 2706 mput'sse.
225 2636 306 2706 Apud
326 2637 460 2692 Servium:
482 2640 582 2692 sclari—
626 2659 663 2693 re.
676 2643 783 2693 Dictum
792 2642 848 2692 fere
859 2640 994 2711 quomodo
1008 2639 1071 2703 iter,
1081 2635 1124 2692 vel

9 2725 10 2744 ¹
81 2717 216 2785 gationem
236 2733 372 2782 exercere,
391 2718 443 2768 hoc
462 2732 514 2784 est,
533 2739 581 2790 per
625 2738 728 2772 cursum
748 2738 852 2790 rapere,
866 2721 963 2788 raptim
983 2736 1068 2787 agere.
1086 2720 1121 2768 cf.

9 2789 10 2810 ¹
81 2793 197 2844 Feciales
221 2793 322 2844 bellum
345 2795 463 2848 indicere
485 2795 580 2868 (atqui
625 2797 660 2849 ad
678 2799 725 2864 Vl,
744 2801 768 2851 8.
788 2801 867 2847 Porro
883 2795 1011 2866 placitum
1024 2795 1121 2864 soedus.

9 2887 10 2892 ¹
80 2869 130 2924 hoc
151 2885 237 2936 esset,
259 2891 296 2925 res
315 2885 433 2945 repetere.
455 2877 578 2948 Pergit):
624 2875 724 2928 Placita
737 2888 798 2927 sunt
811 2876 900 2926 omnia
913 2885 1006 2945 pacta,
1024 2875 1050 2922 in
1063 2891 1122 2942 quaa

81 2969 140 3002 narn
155 2965 261 3004 veteres
279 2953 374 3006 laedere
390 2953 463 3024 (haec
475 2974 525 3006 vox
538 2975 580 3008 ex·
625 2972 782 3007 consensere
797 2954 887 3024 plures
898 2973 905 3014 ;
917 2953 969 3002 hoc
982 2963 1035 3016 est,
1049 2952 1123 3020 quod

9 3085 10 3092 χ
80 3027 242 3105 pungenda)
261 3051 299 3084 res
322 3051 411 3104 rapere
437 3034 579 3103 dicebant,
624 3035 655 3084 iis
668 3033 778 3103 placuit.

82 3114 181 3164 etiamsi
189 3113 290 3183 rapinae
298 3113 400 3163 nullum
408 3115 507 3165 crimen
516 3117 580 3166 exis·
662 3113 693 3164 16
713 3131 771 3182 sqq.
798 3110 910 3162 Artificii
931 3109 1021 3178 plena·
1035 3111 1120 3162 oratio

81 3203 160 3252 teret;
173 3191 296 3242 similiter
306 3189 463 3243 satisfacere
472 3211 509 3244 res
521 3193 579 3244 red·
623 3193 749 3242 Venetis:
774 3202 803 3240 ut
822 3189 905 3240 iaciat
925 3189 1122 3242 miserationem

9 3293 10 3336 }
80 3270 136 3320 dere
155 3269 315 3321 dicebant.»
336 3271 474 3326 Assentior
488 3271 578 3322 Servio
623 3266 1121 3339 ptoTrojanis,etindignationemad-

9 3343 10 3384 ἶ
78 3347 222 3412 hactenus,
242 3360 273 3398 ut
293 3348 394 3415 dicam,
412 3367 443 3400 ex
464 3348 579 3401 formula
622 3365 714 3400 versus
722 3348 863 3398 lunonem.
875 3346 1048 3400 Venusaurect
1054 3367 1120 3413 ,no-

78 3429 189 3498 antique
197 3426 250 3477 hoc
260 3429 387 3496 petitum,
401 3426 578 3498 hostilemque
623 3428 724 3478 tissima
734 3443 789 3492 rcs,
804 3423 879 3492 χρυσῆ
889 3425 1010 3491 ’aspidica
1021 3445 1053 3478 ex
1064 3429 1120 3478 llo-

79 3507 186 3556 omnino
202 3506 257 3556 vim
270 3524 285 3558 a
297 3519 378 3577 poeta
389 3523 445 3559 esse
458 3505 579 3560 declara·
622 3524 695 3557 mero
710 3527 716 3556 t
733 3505 881 3576 Exponitur
897 3505 976 3575 vulgo
997 3497 1117 3576 pulchra:

77 3597 131 3635 tam
139 3584 575 3656 perrapinas,quaeiubellofiunt.
600 3625 602 3630 .
622 3585 720 3637 Verum
741 3597 793 3651 est,
815 3602 846 3635 ex
865 3585 1048 3654 antiquissima
1060 3584 1119 3637 reli·

76 3665 168 3716 Restat
178 3675 268 3716 tamen
279 3663 332 3714 alia
341 3665 410 3714 ratio
422 3685 427 3714 :
444 3681 534 3734 rapere
541 3682 578 3716 res
622 3666 710 3734 gione,
718 3681 783 3714 auro
794 3673 896 3713 ornata.
905 3671 1117 3736 potestatestpro

76 3756 116 3795 est
126 3745 241 3814 raptim,
256 3743 362 3794 turbate
375 3761 466 3812 agere,
475 3744 576 3812 exequi.
621 3756 732 3814 potens:
747 3741 910 3794 abstractum
919 3760 969 3810 pro
982 3756 1115 3800 concreto.

75 3822 117 3874 Sic
127 3821 241 3875 consilia
254 3833 336 3892 rapta.
350 3820 423 3888 Quid
433 3823 455 3872 si
466 3821 492 3872 h.
506 3820 523 3870 l.
537 3841 580 3874 ac·
622 3853 657 3862 —
668 3839 706 3891 ¹9·
723 3821 848 3894 Namque
861 3818 945 3872 atiud.
958 3821 1033 3872 Solus
1047 3824 1117 3873 enim

77 3904 161 3974 cipias
171 3925 177 3952 ι
187 3915 245 3952 tum
252 3901 344 3954 licebit
352 3902 519 3972 precipitare
527 3917 578 3960 res;
623 3914 652 3951 tu
659 3912 756 3967 restas,
770 3919 849 3971 quem
858 3898 1001 3970 implorare
1008 3897 1116 3971 possim,

77 3978 579 4050 temereexodiis‚nonconsilio‚age-
624 3976 1118 4054 quumfereomuesdiiinfavoremlu·

148 4068 244 4136 4.Χ
847 4080 944 4131 ’7
