2690 4596
233 265 302 351 '460
483 267 549 333 nn
572 267 776 334 urruns
801 268 1036 337 suntnos

236 391 319 456 mari
338 412 373 455 se
392 393 583 471 committit,
603 393 729 458 ltaliam
748 393 926 482 petiturus,
946 391 1039 459 unde
1055 394 1203 486 majores
1222 393 1285 484 ejus

236 498 298 562 orti
310 517 381 562 csse
392 495 601 563 ferebantur:
614 500 706 578 illuc,
718 516 794 587 post
804 522 898 566 cesus
909 516 996 564 terra
1006 502 1161 590 marique
1170 502 1285 576 varios,

235 603 392 690 appellit:
409 606 571 693 excipitur
583 604 772 670 humaniter
787 629 806 670 a
824 607 956 686 Latino,
978 623 1057 672 tunc
1072 606 1205 671 ibidem
1219 630 1285 694 reg·

235 726 353 790 nante;
375 726 408 775 et
429 711 574 776 Lauiniae
594 712 719 799 nuptiis
740 712 774 774 in
794 734 954 800 generum
974 710 1210 800 adoptaretur,
1232 712 1287 774 nisi

235 813 382 880 obstaret
391 817 541 896 Turnus,
555 817 664 881 Dauni
677 817 876 880 Rutulorum
888 817 975 904 regis
988 815 1085 881 filius.
1102 819 1135 882 ls
1146 817 1287 881 Laviniae
1324 827 1325 912 l

234 921 368 1009 nuptias
384 921 586 1012 jampridem
607 923 771 1002 ambiens,
791 925 927 986 AEneam
946 923 1038 1010 gravi
1058 921 1151 986 bello
1174 937 1285 987 vexat:
1324 997 1325 1014 ,

232 1024 296 1090 sed
308 1026 349 1090 ah
365 1048 405 1090 eo
420 1028 526 1092 victus
537 1044 570 1091 et
579 1028 720 1107 occisus,
735 1050 890 1116 sponsam
902 1027 934 1091 ei
945 1035 1159 1118 regnumque
1168 1027 1287 1092 haben·

238 1131 319 1198 dum
335 1132 480 1222 denique
495 1134 664 1221 penuittit.

285 1239 399 1304 Unam
411 1261 496 1322 esse,
512 1256 612 1328 atque
627 1241 798 1312 illustrem,
812 1261 885 1303 eam
899 1239 1066 1303 actionem
1081 1237 1202 1326 liquet.
1325 1287 1326 1330 ,

283 1344 489 1432 Completam
499 1347 630 1435 negavit
640 1344 810 1432 Maphaeus
818 1346 952 1433 Vegius,
962 1343 1108 1432 ideoque
1119 1342 1185 1408 sibi
1196 1365 1288 1432 posse

235 1453 326 1517 visus
346 1469 396 1517 est
417 1452 584 1518 decimum
606 1452 739 1517 tertium
759 1451 882 1515 librum
901 1449 1032 1515 AEneidi
1050 1472 1203 1530 assuere,
1228 1473 1288 1538 quo

237 1557 390 1623 dolorem
405 1559 619 1638 Rutulorum,
637 1557 744 1622 Turni
760 1557 876 1637 lunae,
893 1560 1004 1621 AEneae
1018 1556 1154 1643 nuptias
1167 1572 1203 1620 et
1216 1578 1289 1642 apo

237 1664 370 1730 theosin
384 1666 577 1753 complexus
591 1680 658 1730 est:
674 1682 798 1729 temere
812 1664 958 1728 omnino.
973 1665 1056 1727 Nam
1069 1661 1289 1749 apotheosisa

236 1771 322 1838 Jove
337 1772 498 1859 promissa
509 1788 559 1836 est
568 1771 624 1836 lib.
642 1774 670 1851 I,
689 1771 751 1838 263
764 1794 771 1832 :
785 1767 1149 1835 Feresadsideraeoeli
1156 1792 1289 1858 magno·

237 1879 364 1943 nimum
377 1877 532 1944 AEneam.
548 1880 637 1943 Turn
652 1877 843 1943 confirmata
857 1877 914 1941 lib.
930 1878 992 1956 Xl,
1011 1879 1093 1965 794:
1108 1873 1289 1966 Indigetem

236 1981 384 2052 AEneam
397 1988 459 2050 scis
474 1987 565 2072 ipsa,
583 2003 617 2052 et
628 1988 709 2050 scire
716 1983 855 2078 fitteris,
868 1981 983 2070 deberi
994 1983 1086 2054 caelo.
1103 1983 1120 2046 J
1124 2005 1180 2046 am
1199 1981 1289 2048 Lavi-

233 2091 290 2155 nia
304 2113 511 2181 regnumque
524 2093 641 2158 Latii-a
655 2093 772 2155 Turno
784 2090 947 2154 moriente
960 2088 1288 2176 AEneaeperrnittitur
1328 2129 1329 2156 ι

234 2195 295 2262 lib.
311 2198 389 2282 XII,
413 2199 475 2286 937
495 2222 501 2261 :
520 2198 555 2262 T
550 2223 594 2264 ua
615 2213 664 2264 est
680 2197 823 2264 Lavinia
843 2199 973 2282 conjux.
997 2197 1132 2276 Cetera,
1157 2218 1234 2284 quae
1254 2192 1289 2258 ad
1329 2268 1330 2278 2

235 2323 395 2390 pompam
412 2304 607 2393 luctumque
626 2305 809 2393 pertinent,
831 2302 951 2392 frigida
969 2314 1008 2366 ac
1023 2301 1182 2390 puerilia,
1207 2317 1289 2366 certe
1329 2369 1330 2382 χ

234 2407 375 2474 minime
389 2411 583 2502 necessaria.
1329 2437 1330 2512 g

277 2511 545 2604 Magnitudinem
556 2513 658 2584 habet
674 2531 800 2580 certam
813 2539 851 2581 ae
861 2515 985 2605 justam
999 2535 1006 2577 :
1019 2513 1100 2584 licet
1109 2515 1207 2588 ¹enim
1222 2529 1289 2578 octo

234 2617 477 2686 circiter'annis
497 2621 632 2688 durasse
646 2623 733 2687 actio
752 2639 821 2688 tota
841 2621 983 2702 dicatur,
1002 2635 1112 2684 unum
1129 2637 1243 2686 tamen
1257 2643 1289 2684 ex

234 2726 291 2805 iis,
312 2750 457 2820 eumque
475 2711 645 2809 ultimum,
666 2745 768 2818 poeta
786 2729 1038 2817 complectitur:
1063 2727 1289 2816 superioribus

234 2832 373 2924 reliquis
393 2835 427 2900 in
440 2835 650 2923 ,episodicam
664 2839 774 2908 AEneae
790 2859 901 2902 eoram
920 2833 1053 2918 Didone
1067 2834 1289 2899 narrationem

234 2937 390 3006 redactis.
402 2941 621 3011 Mambrunus
632 2923 768 3032 quidem
779 2941 946 3012 sexdecim
958 2962 1092 3008 menses
1105 2940 1242 3006 AEneidi
1253 2957 1291 3004 at-

236 3044 367 3126 tribuit,
376 3071 418 3112 eo
427 3046 606 3128 adductus,
618 3047 709 3138 quod
720 3047 895 3126 Anchises,
907 3063 944 3116 ut
954 3069 993 3112 ex
1003 3045 1060 3112 lib.
1073 3048 1115 3124 V,
1125 3045 1289 3135 liquidum

237 3168 302 3233 est,
323 3152 443 3220 obierit
464 3154 498 3220 in
517 3155 625 3222 Sicilia
643 3175 746 3223 verno
768 3171 929 3242 tempore.
953 3150 1053 3218 Unde
1074 3153 1123 3218 sic
1141 3153 1290 3240 colligit:

236 3259 376 3326 AEneam
395 3284 463 3324 non
483 3262 590 3326 multo
609 3278 698 3349 post,
718 3285 823 3328 verno
841 3263 920 3327 item
939 3274 1108 3346 tempore,
1132 3257 1217 3324 inde
1237 3257 1290 3324 sol-

236 3366 339 3445 visse,
356 3391 461 3456 quum
475 3367 510 3431 in
522 3368 667 3433 Africam
681 3385 877 3456 tempestate
890 3366 1014 3457 ejectus
1027 3381 1094 3443 est;
1108 3363 1194 3452 quid
1209 3366 1290 3436 enim

236 3491 331 3549 eum,
354 3489 487 3538 mortuo
505 3490 613 3562 patre,
637 3474 711 3541 fatis
730 3475 765 3539 in
785 3474 913 3552 ltaliam
929 3469 1154 3554 ,vocantibus¹
1171 3470 1290 3538 diutius

233 3571 269 3635 in
289 3575 397 3641 Sicilia
412 3579 591 3646 tenuisset?
609 3582 698 3646 Tum
714 3579 806 3648 addit
827 3579 982 3646 eumdem
1001 3577 1035 3640 in
1057 3577 1171 3648 Africa
1191 3595 1289 3646 totam

231 3675 406 3767 hyemem,
435 3700 535 3776 atque
554 3685 639 3750 adeo
660 3711 785 3756 annunt
804 3689 873 3754 fere
893 3683 1102 3778 traduxisset
1125 3683 1289 3773 siquidem

233 3783 314 3852 inde
334 3789 453 3856 iteruin
475 3793 510 3859 in*
527 3795 673 3862 Siciliam
694 3797 832 3862 ineunte
846 3817 924 3860 vere
936 3791 1122 3882 trajiciens,
1139 3793 1289 3862 anniver-

236 3893 436 3984 sariospatri
450 3898 548 3966 ludos
561 3902 760 3987 celebraiit:
777 3904 912 3993 reliquis
927 3917 1041 3968 autem
1055 3899 1092 3966 in
1107 3901 1204 3966 ltalia
1216 3920 1292 3989 pre
