2690 4596
230 325 293 412 372
479 308 1026 384 r.vmoru11nsaou1s

230 449 248 511 J
253 464 405 510 uturnam
417 444 554 521 misero,
569 443 689 521 fateor,
702 463 895 506 succurrere
907 441 1002 506 fratri

228 553 335 632 Suasi,
349 535 382 615 et
394 573 456 639 pro
467 550 534 614 vita
544 547 670 638 majora
681 545 805 614 audere
817 546 971 635 probavi3

227 661 304 723 Non
316 676 352 723 ut
364 659 428 723 tela
440 674 564 735 tamen,
578 678 646 718 non
659 671 696 718 ut
708 653 925 718 contenderet
937 677 1067 735 arcum3
1237 673 1276 718 sis

228 764 354 855 Adjuro
366 764 467 854 Stygii
480 779 578 850 caput
590 760 787 850 inplacabile
800 760 916 839 fontis3

229 873 304 936 Una
316 870 506 959 superstitio
519 869 647 956 superis
661 889 735 956 quae
747 864 877 930 reddita
889 865 984 932 divis.

226 978 269 1042 Et
281 999 369 1041 nunc
382 973 465 1041 cedo
478 973 649 1066 equidem,
662 994 857 1062 pugnasque
870 995 968 1038 exosa
980 973 1147 1065 relinquo.

227 1082 315 1148 Illud
327 1100 374 1164 te,
388 1082 478 1146 nulla
489 1082 548 1148 lati
561 1079 653 1170 quod
664 1081 740 1169 lege
753 1095 909 1158 tenetur,

227 1192 291 1254 Pro
304 1190 398 1254 Latio
411 1189 572 1266 obtestor,
586 1209 648 1275 pro
660 1187 830 1277 majestate
842 1203 993 1265 tuorum;

226 1298 338 1380 Quum
345 1297 415 1386 jam
427 1293 602 1361 connubiis
614 1315 731 1383 pacem
745 1291 911 1372 felicibus
926 1309 1013 1373 esto,

227 1405 441 1491 Conponent,
457 1424 560 1491 quum
569 1400 639 1490 jam
651 1400 741 1487 leges
755 1415 787 1462 et
800 1397 926 1462 foedera
933 1399 1092 1487 jungent3

227 1511 277 1574 Ne
289 1525 385 1575 setus
397 1505 570 1594 indigenas
584 1527 708 1570 nomen
720 1521 849 1568 mutare
861 1505 1011 1584 Latinos,

226 1699 325 1747 Dorvill.
338 1714 392 1744 cum
403 1698 465 1743 binis
475 1696 545 1742 Goth.
556 1699 629 1760 ipsam
638 1699 698 1752 acie,
709 1706 733 1742 et
744 1696 850 1744 Parthas.
865 1700 914 1760 ipsa
924 1699 1003 1742 acum
1012 1719 1045 1732 -
1054 1695 1108 1744 813.
1115 1695 1198 1760 fatear
1206 1702 1281 1746 misero
1329 1707 1330 1712 ’

227 1783 275 1818 tres
285 1772 365 1816 snm,
378 1780 402 1814 et
416 1785 453 1831 ap.
463 1768 569 1814 Mactob.
582 1769 628 1824 VI,
640 1767 668 1823 6,
677 1767 799 1813 incondito
814 1769 844 1813 ad
858 1784 937 1814 aurem
948 1765 1100 1829 sono.fataar
1110 1771 1219 1816 miseram
1226 1773 1283 1816 Dor·
1329 1765 1330 1772 ¹

226 1841 276 1890 vill.
287 1867 317 1876 -
327 1841 380 1887 815.
394 1848 421 1884 at
429 1839 556 1886 ostenderet
569 1838 609 1884 alii
624 1838 681 1884 olim
695 1839 726 1884 ad
738 1841 803 1886 Serv.
813 1864 844 1875 —
854 1839 907 1886 816.
920 1836 1053 1906 implacabile
1063 1839 1132 1884 Leid.
1146 1839 1282 1886 intractabile

226 1911 342 1959 Montalb.
355 1909 481 1956 insatiabile
492 1909 583 1956 Zulieb.
595 1933 627 1948 -
635 1909 691 1972 817.
705 1911 773 1954 Vana
787 1909 905 1964 Parthas,
917 1923 1055 1972 perperam,
1066 1909 1131 1954 conf.
1143 1911 1198 1956 Not.
1213 1910 1282 1956 Aliter

226 2000 279 2048 tup.
292 1985 359 2041 VIII,
376 1983 427 2047 187.
443 2005 473 2020 ·-·
485 1981 539 2028 818.
551 1998 597 2046 que
611 1982 677 2028 abett
687 1981 786 2028 Dorsill.
800 1996 883 2027 exorsa
892 1981 936 2026 Ed.
948 1979 1001 2026 Ald.
1014 1990 1067 2035 tert.
1082 2006 1114 2017 -
1127 1981 1183 2043 819.
1194 1983 1255 2046 quod
1262 1999 1281 2026 n

224 2056 244 2115 f.
261 2065 281 2102 te
298 2055 313 2102 l.
329 2055 399 2102 Goth.
420 2067 474 2103 tert.
492 2063 598 2100 tenentur
608 2053 706 2100 Mentel.
721 2069 758 2116 pr.
773 2071 786 2100 a
800 2069 831 2098 m.
844 2052 984 2116 pr.-821.
1002 2051 1131 2114 infelicibus
1147 2054 1243 2100 Vratisl.
1254 2079 1282 2090 -

226 2125 280 2174 822.
290 2127 431 2190 Campanam
441 2125 548 2172 Parrbas-
562 2125 683 2188 Companet
691 2123 762 2173 Goth.
775 2136 829 2172 tert.
841 2122 899 2189 leger
907 2122 1001 2186 adfoed
1012 2139 1051 2185 pr.
1063 2123 1178 2170 Rottend.
1188 2150 1220 2160 -
1230 2123 1278 2170 823.
1329 2119 1330 2208 l

226 2283 402 2357 aggrederer:
415 2299 479 2335 nam
494 2284 540 2355 qui
558 2285 729 2358 aggreditur,
775 2287 912 2358 obstringo
926 2305 968 2338 me
977 2285 1157 2356 jurejurando
1169 2288 1277 2348 sanctis·

224 2382 345 2435 pugnare
358 2377 448 2415 secum
463 2363 576 2414 alterum
591 2367 664 2438 cogit
675 2378 730 2417 tra-
774 2368 851 2422 simo.
861 2379 901 2419 est
909 2365 1021 2431 reddite,
1029 2385 1080 2437 pro
1093 2368 1170 2419 faeta
1177 2381 1227 2434 est,
1236 2366 1276 2420 ad-

223 2443 352 2514 bitquein
361 2435 488 2514 pugnam.
498 2444 647 2496 Verborum
658 2446 730 2496 enim
775 2463 879 2516 eoque,
893 2463 952 2516 quae
965 2457 1019 2507 est;
1032 2457 1058 2497 et
1071 2445 1141 2497 nihil
1154 2447 1275 2518 amplius.

226 2522 293 2573 ordo
304 2539 356 2572 nan
365 2519 480 2573 admittit
489 2519 730 2575 alterumztrabena
774 2523 928 2596 Superstitio
944 2541 995 2594 pro
1012 2523 1146 2595 religione
1163 2537 1191 2576 et
1210 2538 1278 2577 metu

221 2600 315 2675 proelta
329 2601 357 2652 in
376 2601 508 2662 Teucros,
520 2599 618 2655 ducere
636 2605 728 2674 copias
774 2623 807 2656 ex
820 2623 852 2656 ea
864 2605 987 2674 profecto
1006 2604 1070 2654 satis
1083 2605 1221 2675 frequens.
1239 2606 1278 2656 Sic

225 2681 353 2735 adversus
371 2681 513 2749 Trojanos.
531 2711 566 2720 -
581 2683 642 2735 813.
665 2683 726 2749 814.
773 2685 829 2735 fere
846 2682 923 2736 Iliad.
940 2701 950 2733 s
960 2721 969 2748 ,
987 2681 1029 2752 37.
1048 2681 1082 2734 38
1103 2681 1153 2738 irat
1168 2683 1277 2749 μέγιστος

223 2761 343 2834 Respicit
355 2779 414 2831 sup.
431 2759 487 2814 138.
507 2760 562 2813 152.
580 2763 674 2814 Oratio
687 2774 727 2814 est
765 2760 849 2831 Ὅρκος
871 2758 1000 2816 destirastis
1019 2781 1045 2812 rt
1064 2757 1131 2812 nitu
1148 2761 1277 2828 μακάρεσσι

224 2842 281 2895 fere
293 2841 443 2912 pedestris:
455 2841 501 2893 sed
515 2841 644 2908 observa,
658 2861 737 2913 quo·,
772 2843 856 2892 basiat.
873 2872 909 2882 -
924 2843 984 2895 820.
1002 2859 1052 2912 pro
1071 2844 1208 2912 majestate
1225 2854 1279 2894 tuo-

225 2920 469 2973 modoeamrelsic
481 2921 607 2993 evulgari
618 2921 728 2974 tleilexe-
772 2940 840 2972 ram.
857 2923 928 2975 Bene
945 2921 1069 2974 Servius:
1089 2945 1101 2967 κ
1111 2925 1230 2993 respexit
1246 2915 1281 2973 ad

225 3003 275 3063 rit;
290 3020 372 3072 quum
385 3019 441 3052 esse
454 2997 577 3052 deberet:
591 3002 668 3054 Suari
680 3007 730 3055 Ju-
774 3001 933 3068 Saturnum,
947 3003 993 3073 qui
1005 3004 1033 3052 in
1044 2999 1123 3054 Italia
1134 3002 1278 3073 aliquando
1329 2983 1330 3072 l

225 3093 322 3147 turnoe,
337 3091 368 3132 ut
378 3092 439 3144 eta,
452 3079 525 3150 quod
538 3092 564 3132 et
575 3082 729 3134 Macrobius
774 3081 930 3153 regnaverat
941 3103 948 3143 ς
958 3081 1022 3133 inde
1033 3083 1070 3132 ait
1081 3092 1190 3132 tuarum
1197 3103 1208 3148 ,-
1218 3101 1278 3134 nam

225 3159 277 3226 VI,
291 3162 307 3214 6
319 3179 428 3212 monere
437 3161 531 3211 voluit.
544 3160 658 3212 Probavi
671 3181 730 3214 eam
773 3175 801 3230 et
821 3164 930 3214 Latinus
950 3162 1013 3214 inde
1033 3164 1165 3234 originem
1188 3163 1278 3215 ducit:

227 3241 370 3293 audentem
389 3242 473 3310 majus
492 3241 594 3313 aliquid
608 3261 658 3313 pro
674 3245 730 3294 vita
773 3241 947 3308 AEmidVH,
962 3243 1004 3310 48.
1018 3242 1061 3312 49.
1077 3243 1203 3294 n-llan.
1216 3243 1280 3315 leges

225 3321 325 3372 fratris.
345 3321 375 3371 In
391 3319 432 3371 his
449 3339 480 3372 aa
497 3319 627 3373 similibus
642 3323 730 3396 Virgi-
774 3335 836 3372 sunt
853 3321 961 3374 foederis
978 3321 1159 3374 conditiones.
1170 3351 1209 3362 —
1219 3323 1279 3375 823.

226 3399 325 3450 liansrn
336 3413 484 3452 orationem
492 3399 649 3472 dignoscere
657 3403 726 3454 licet.
773 3400 850 3453 Conf.
865 3401 899 3452 ad
910 3419 969 3472 sqq.
983 3402 1045 3452 Exc.
1056 3402 1094 3452 Ill
1105 3401 1141 3452 ad
1150 3401 1225 3454 hune
1234 3402 1279 3453 lib.

227 3505 261 3516 -
270 3478 330 3530 816.
344 3480 403 3550 817.
415 3481 465 3532 Res
476 3498 561 3550 perse
571 3484 726 3533 notissima:
772 3481 828 3538 XII.
846 3481 945 3552 Argute
958 3495 1055 3552 poeta,
1073 3483 1097 3532 si
1111 3481 1178 3552 quid
1192 3482 1279 3546 aliud,

226 3555 273 3606 sed
282 3571 405 3609 ornatum
418 3571 457 3611 est
467 3561 570 3632 egregie
580 3571 662 3632 eaput
669 3561 728 3628 fon·
772 3579 827 3612 rem
840 3561 971 3630 laatijts'm
985 3560 1019 3612 ad
1030 3560 1144 3612 deorum
1158 3563 1280 3614 volunta·
1329 3595 1330 3626 i

227 3634 260 3686 tis
270 3635 357 3707 Stygii
368 3655 418 3707 pro
430 3639 544 3710 simplici
563 3639 648 3712 Styge.
668 3641 727 3693 Una
772 3653 824 3692 tem
839 3637 1049 3712 ilibahitnNam
1065 3645 1168 3694 mansit
1186 3661 1280 3695 nomen
1329 3635 1330 3638 Ἴ

226 3716 389 3784 superstitio,
404 3717 431 3768 h.
449 3735 507 3787 quae
519 3722 631 3771 maxima
645 3723 728 3790 juris·
772 3714 927 3796 Latiniiiirr'b
937 3722 1151 3772 emansitsermo
1161 3724 1280 3788 Latinus,

223 3795 333 3864 jurandi
346 3797 415 3846 inter
427 3793 542 3850 deusest
554 3799 647 3870 religia
658 3823 663 3851 :
672 3803 728 3870 jus‘-
771 3791 882 3874 ‘vestitus
895 3789 1028 3854 Latitius:
1045 3819 1097 3853 nee
1109 3805 1224 3872 Trojani
1240 3822 1281 3856 co-

222 3872 369 3939 jurandum
383 3877 586 3926 sanctissimum.
604 3879 675 3930 Male
688 3883 728 3930 ar·
772 3871 985 3956 loni'quic'quam
997 3884 1024 3932 in
1036 3881 1079 3932 his
1093 3885 1279 3938 immutarunt.

226 3955 335 4021 gutatur
354 3949 477 4016 Servius,
499 3966 525 4004 et
544 3972 604 4005 curn
620 3975 652 4007 eo
672 3958 726 4009 alii.
770 3959 925 4016 ‘Verebdllm
946 3974 1035 4013 autem
1059 3975 1139 4028 erat,
1161 3983 1198 4017 ne
1219 3980 1281 4037 gens

225 4029 273 4080 Est
284 4031 355 4082 enim
366 4027 438 4081 idem
450 4047 482 4082 ac
493 4034 516 4083 si
527 4033 597 4084 luno
610 4034 726 4102 diceret,
771 4035 927 4092 Latinorum
942 4043 1014 4094 victa
1032 4042 1061 4092 in
1076 4061 1183 4098 nomen
1196 4048 1281 4098 victo·
