2690 4596
244 281 308 367 378
494 283 530 348 P.
553 278 786 348 VlliGlLll
808 279 1040 354 Minonis

242 405 324 487 Quae
337 403 505 495 quondam
516 407 551 472 in
562 407 682 486 bustis,
696 423 753 473 aut
763 408 963 475 culminibus
978 410 1118 476 desertis

241 511 346 576 Nocte
358 511 492 592 sedens,
506 536 616 579 serum
629 515 716 580 canit
728 514 906 602 inportuna
918 539 978 603 per
989 517 1142 596 umbras3

241 615 337 681 Hanc
348 639 441 683 versa
453 619 487 682 in
500 620 752 699 faciem‚anni
764 642 799 684 se
811 622 913 708 pestis
926 621 969 685 ob
982 645 1040 688 ora
1254 633 1296 682 865

241 721 387 812 Fertque
399 725 567 816 refertque
579 747 713 803 sonans,
726 724 938 815 clipeumque
951 727 1125 792 everberat
1136 727 1211 792 alis.

240 827 295 892 Illi
306 829 455 895 membra
467 853 572 898 novus
584 832 681 896 solvit
692 830 870 896 formidine
883 849 1014 920 torpor3

242 932 459 1026 Adrectaeque
471 936 610 1004 horrore
622 959 741 1016 comae,
755 953 788 1002 et
799 960 862 1002 vox
874 937 1024 1004 faucibus
1035 937 1142 1004 haesit.

242 1043 299 1120 At,
312 1043 429 1130 procul
441 1059 479 1109 ut
490 1045 577 1109 Dirae
589 1042 767 1109 stridorem
778 1042 936 1131 adgnovit
948 1060 982 1109 et
992 1045 1074 1125 alae,

243 1148 364 1212 infelix
376 1150 475 1214 crinis
487 1148 608 1214 scindit
619 1153 637 1215 J
640 1165 761 1214 uturua
773 1149 913 1229 solutos,

243 1253 419 1343 Unguibus
432 1278 489 1321 ora
501 1279 595 1322 soror
607 1254 749 1337 foedans,
764 1273 797 1321 et
808 1274 943 1344 pectora
954 1257 1091 1345 pugnis3

247 1387 261 1419 ιι
271 1360 360 1444 Quid
373 1384 461 1427 nunc
474 1379 506 1427 te
519 1379 588 1443 tua,
602 1365 731 1442 Turne,
745 1377 854 1449 potest
866 1384 1022 1450 germana
1030 1363 1169 1452 juvare?

243 1470 310 1531 Aut
321 1465 402 1556 quid
409 1467 479 1557 jam
491 1467 582 1533 durae
595 1485 728 1557 superat
739 1467 840 1532 mihi?
851 1491 917 1557 qua
928 1467 989 1533 tibi
1000 1468 1112 1534 lucem

244 1647 385 1702 Burmann,
394 1663 465 1710 prave
476 1648 558 1711 utique
569 1663 575 1693 :
590 1648 634 1694 etsi
649 1649 682 1693 sic
696 1645 783 1693 lectum
798 1649 823 1694 in
834 1646 952 1704 Parthas,
963 1646 1036 1710 idque
1047 1659 1173 1709 receptum
1183 1663 1198 1694 a
1210 1648 1296 1694 Cunin-

245 1718 342 1780 gbam03
351 1734 405 1764 nam
414 1735 469 1767 usus
478 1721 591 1768 sermonis
598 1735 648 1766 non
661 1722 692 1766 ita
704 1719 758 1765 fert.
764 1720 801 1766 Jo.
814 1719 937 1766 Schrader.
949 1720 1054 1767 tentabat
1064 1735 1071 1765 :
1084 1723 1108 1764 in
1123 1735 1188 1766 rnuoe
1202 1735 1295 1776 ,suusoe‚

237 1788 325 1851 furve.
340 1791 414 1838 Miror
427 1795 545 1839 neminem
557 1791 666 1838 incidisse
680 1794 706 1837 in
715 1793 882 1854 inauspicatam
896 1807 961 1838 avem
973 1806 1076 1854 parram.
1088 1790 1191 1837 subitam
1200 1792 1297 1855 fiqumm

243 1861 310 1906 Rom.
324 1873 348 1908 et
355 1862 463 1928 plerique
475 1863 514 1910 alii
526 1865 586 1910 Pier.
593 1896 601 1918 ,
616 1878 644 1908 ex
654 1864 786 1908 Heinsianis
799 1861 911 1917 Mentel.,
923 1873 946 1908 et
959 1862 1091 1908 secundum
1103 1863 1237 1907 Burmann.
1252 1860 1295 1906 iere
1332 1879 1333 1886 ¹

244 1947 342 1979 omnes:
355 1947 477 1998 receptum
487 1935 516 1982 ab
527 1935 638 1982 Heinsio:
648 1933 739 1996 Vulgo,
755 1934 830 1980 subito
842 1931 936 1980 collecta
945 1933 1055 1998 fiqumm.
1073 1935 1149 1979 Porro
1160 1933 1238 1978 subito
1246 1949 1296 1978 con·

243 2017 310 2050 uersa
318 2005 404 2053 Medic.
418 2009 501 2063 Pierii,
514 2019 538 2053 et
548 2005 670 2052 Mediceus
688 2007 811 2068 princeps:
830 2004 928 2050 subitum
944 2019 1052 2050 conuersa
1060 2006 1176 2069 fiquram.
1189 2004 1238 2050 Sed
1247 2017 1296 2049 con·

245 2071 316 2131 lectu,
329 2077 394 2139 quod
405 2077 494 2140 ubique
504 2078 606 2133 editum,
618 2079 713 2139 copiose
723 2076 830 2124 defendit
839 2088 863 2122 et
872 2075 995 2122 illustravit
1004 2077 1085 2122 lleins.
1097 2075 1168 2121 (loni.
1180 2091 1234 2138 sup.
1245 2075 1295 2135 691,

245 2155 269 2187 st
278 2145 311 2200 x,
321 2144 379 2202 lua,
391 2158 414 2192 et
428 2146 502 2194 multo
514 2149 586 2209 magis
599 2147 629 2194 de
646 2160 721 2209 angue
733 2148 775 2193 Ge.
791 2147 825 2203 ΙΙ,
841 2145 884 2204 154
898 2157 921 2192 ct
930 2145 961 2190 al.
970 2147 1010 2192 Est
1023 2159 1104 2192 autem
1116 2147 1179 2191 ratio
1191 2145 1241 2191 baec
1252 2145 1293 2190 ior·

243 2227 305 2258 mam
319 2216 486 2273 contrahendi,
500 2218 590 2264 diversa
605 2234 618 2264 a
632 2231 687 2264 nota
699 2217 739 2264 illa
752 2219 886 2274 Homerica,
898 2235 944 2281 qua
956 2219 1056 2265 Somnus
1070 2221 1108 2265 avi
1120 2233 1172 2264 non
1183 2215 1295 2263 assimulat

244 2295 269 2326 se
279 2285 370 2343 specie,
385 2285 426 2330 sed
440 2288 488 2332 avis
502 2301 566 2332 more
581 2303 608 2334 ac
621 2291 668 2333 ritu
684 2290 708 2333 in
727 2289 809 2334 arbore
823 2287 889 2334 sedet
902 2287 969 2333 lliad.
984 2286 1014 2349 ξ,
1029 2303 1083 2350 ²9⁰·
1093 2313 1127 2324 -
1139 2287 1194 2334 863.
1207 2286 1294 2332 inahest

242 2350 306 2410 apud
315 2351 416 2400 Marium
428 2355 529 2400 Plotium
539 2356 569 2401 de
581 2359 675 2402 metris:
687 2357 788 2404 ibidem:
803 2366 826 2402 et
836 2356 978 2403 culminibus.
988 2359 1065 2419 bigot.
1077 2367 1120 2403 aut
1129 2355 1294 2403 cumulantibus

242 2423 296 2465 ars's.
311 2447 343 2458 -
355 2422 407 2480 864.
419 2441 504 2472 soeuum
512 2429 574 2473 canit
582 2429 607 2472 in
617 2427 659 2474 lib.
671 2429 735 2490 apud
747 2431 808 2476 Pier.
824 2431 898 2476 Etiam
911 2445 987 2476 serum
998 2431 1095 2476 Servius
1107 2432 1208 2492 exponit
1220 2431 1293 2481 triste,

241 2488 385 2550 luctiferum,
392 2511 523 2559 perperam.
533 2500 585 2545 Est:
596 2513 645 2544 sera
656 2511 738 2556 nocte;
747 2496 850 2562 sinciput
861 2498 929 2547 tetus
939 2503 1029 2547 Marus.
1038 2517 1082 2565 per
1091 2501 1199 2548 umbram
1208 2501 1293 2559 Meneg-

242 2575 279 2623 pr.
292 2579 344 2608 cum
354 2579 420 2628 parte
430 2570 490 2616 Pier.
501 2594 532 2605 —
541 2568 594 2616 865.
609 2584 697 2615 versam
706 2570 793 2617 Medic.
803 2587 816 2617 a
827 2588 859 2617 m.
869 2587 915 2618 sec.
927 2584 950 2618 et
962 2572 1028 2618 Leid.
1041 2587 1066 2617 se
1079 2575 1154 2618 Turni
1164 2571 1236 2618 Goth.
1245 2581 1293 2615 tert.

243 2630 272 2677 ob
279 2650 320 2680 ora
331 2636 409 2684 Heius.
420 2639 553 2686 emendavit
564 2655 577 2686 e
589 2642 707 2697 Romano,
719 2642 803 2689 Moret.
815 2653 838 2688 et
849 2642 915 2688 Leid.
925 2659 978 2688 cum
989 2645 1106 2689 Arusiano
1115 2643 1206 2688 Messio
1217 2644 1294 2702 (acce-

242 2702 277 2749 dit
288 2708 391 2754 Donatus
400 2709 408 2766 )
417 2725 423 2754 :
435 2710 507 2773 idque
517 2710 603 2758 diserte
612 2710 744 2759 illustravit.
757 2710 841 2775 Vulgg.
851 2713 883 2758 ad
892 2728 940 2758 om.
951 2716 975 2758 in
983 2729 1024 2760 orn
1033 2712 1123 2759 Medic.
1136 2726 1161 2758 et
1170 2712 1234 2758 Goth
1244 2723 1292 2757 sert.

242 2802 274 2811 —
284 2777 338 2824 866.
343 2779 438 2845 fertque
447 2781 559 2846 refirtque
567 2781 659 2838 volans,
668 2800 705 2846 pr.
718 2783 799 2830 llamb.
812 2784 941 2830 reverberat
948 2784 1036 2830 Medic.
1052 2786 1143 2838 Pierii,
1156 2783 1262 2830 Parthas.
1274 2793 1294 2828 et

242 2849 285 2902 Ed.
295 2867 331 2912 pr.
341 2853 420 2898 Burm.
430 2879 461 2888 —
472 2853 524 2916 867.
540 2852 587 2899 out
596 2856 671 2916 bigot.
684 2870 753 2901 nouos
762 2855 849 2902 Medic.
863 2868 887 2902 ct
897 2854 995 2902 Mentel.
1011 2871 1063 2918 pr.,
1074 2868 1177 2918 uterque
1193 2873 1206 2902 a
1218 2872 1254 2918 pr.
1266 2871 1292 2898 m·

242 2919 317 2968 soluat
325 2923 383 2971 alter
393 2925 498 2988 Menap,
508 2923 547 2972 vel
557 2925 631 2971 subito
640 2942 677 2988 pr.
693 2925 775 2972 llamb.
784 2952 816 2962 —
827 2927 880 2974 868.
893 2941 968 2973 errore
980 2943 1016 2990 pr.
1032 2927 1117 2972 llamb.
1130 2927 1203 2974 heret
1213 2928 1274 2973 idem
1284 2943 1293 2971 a

243 3007 275 3036 m.
288 3006 334 3039 sec.
345 3018 377 3029 -
386 2994 439 3057 870.
450 2997 523 3040 crines
536 2993 604 3041 solvit
617 2995 716 3042 Dorvill.
731 2997 812 3042 scirtdit
824 3000 897 3042 crines
911 2997 976 3041 Rom.
986 3021 1018 3032 -
1028 2994 1082 3058 873.
1095 2997 1161 3042 duroe
1169 2999 1293 3060 repositum

243 3062 273 3106 ab
280 3063 387 3120 Heinsio,
396 3066 533 3110 auctoritate
541 3066 651 3124 Romani,
661 3078 710 3112 tum
720 3066 807 3113 Medic.
816 3067 1009 3131 reliquorumque
1016 3069 1173 3113 vetustiorum
1184 3069 1293 3112 omnium.

243 3133 329 3199 Sisque
341 3138 450 3184 Servius:
464 3136 540 3194 duroe,
550 3140 642 3194 immiti,
661 3154 714 3202 qute
727 3151 806 3202 posset
816 3139 913 3187 fratrem
924 3153 1022 3185 cernere
1033 3149 1070 3184 tot
1081 3137 1205 3184 laboribus
1216 3138 1293 3185 subdi·

242 3287 317 3341 illam
336 3302 481 3355 noctuam,
504 3309 583 3361 quam
600 3290 744 3361 funeream
787 3311 882 3345 norem
894 3293 1012 3364 speciem
1023 3303 1137 3344 mutata.
1155 3290 1220 3344 vide
1234 3293 1291 3342 Vas.

243 3367 350 3434 dicunt,
362 3369 518 3441 intelligere.
529 3369 643 3442 Reliqua
655 3384 744 3424 tamen
787 3372 1036 3438 Lectiones-864.
1048 3373 1206 3443 importuna
1213 3409 1223 3436 ‚
1231 3390 1291 3422 noc·

242 3446 346 3499 buboni
363 3449 606 3502 accommodatiora
622 3463 692 3502 sunt.
707 3454 742 3503 cf.
788 3465 814 3506 te
822 3453 997 3521 intempesta,
1009 3452 1178 3521 importuna.
1193 3452 1290 3519 --869Ι

243 3523 310 3576 Plin.
327 3529 365 3591 X,
386 3531 602 3594 sas.16‚etsic
620 3532 679 3582 AEn.
692 3533 744 3598 IV,
788 3531 938 3594 stridorem,
957 3530 1032 3580 vocis
1052 3547 1151 3580 sonum
1167 3532 1293 3601 interpre-

243 3602 305 3668 462.
323 3607 384 3672 463.
397 3610 489 3678 ltaque
506 3629 616 3681 pomam
633 3629 745 3682 compa·
789 3623 861 3662 tatur
873 3609 987 3660 Servius.
1007 3609 1107 3660 Melius
1128 3608 1164 3660 ad
1184 3608 1243 3661 alus
1260 3628 1293 3659 re·

244 3683 330 3733 sative
342 3687 544 3754 accipiendum:
559 3687 611 3740 dea
628 3703 746 3742 mutatur
790 3687 1205 3759 trahipoterit.dpudQuintum
1212 3687 1294 3743 Achil·

245 3762 274 3812 in
293 3778 383 3828 avem,
403 3782 513 3834 parvom
534 3783 657 3838 respectu
680 3769 744 3822 deae.
791 3769 816 3822 le
830 3770 939 3838 jamjam
950 3767 1072 3838 perituro
1086 3767 1135 3818 lib.
1147 3768 1200 3832 ΙΙΙ,
1214 3767 1249 3834 44
1261 3767 1294 3818 ils

245 3837 377 3904 subitam,
389 3858 438 3910 pro
451 3845 549 3898 subito.
562 3845 667 3900 Scilicet
678 3849 747 3900 subi·
790 3845 838 3916 peip
855 3844 874 3898 ui
891 3847 956 3915 nipe
974 3844 1096 3910 ἀμείλιχοι
1116 3845 1295 3911 internoscim-

246 3929 318 3984 tam,
329 3921 356 3970 in
365 3937 444 3989 quam
452 3923 541 3975 subito
549 3924 673 3988 collecta,·
684 3947 748 3979 con·
790 3957 825 3968 -
839 3927 899 3996 873.
918 3925 988 3976 duroe
1004 3923 1087 3991 mihi,
1106 3943 1167 3995 quae
1181 3929 1296 3978 sustineo

244 4015 335 4064 tersa,
355 4009 402 4051 est.
425 3997 550 4073 Colliqere
562 4003 596 4056 de
613 4023 642 4057 re
654 4007 683 4058 in
695 4007 746 4059 mi·
791 4007 902 4059 fratrem
913 4021 1021 4058 cernere
1032 4005 1061 4058 in
1069 4003 1203 4060 ultimum
1212 4005 1298 4061 discri·
