2718 4594
245 328 308 410 304
493 325 1038 392 P.vlttG1L11MAn0ttts

244 455 449 540 Prosequere
462 449 496 524 iu
508 447 583 512 duri
595 449 774 514 certamina
785 449 900 512 Martis
913 467 1062 529 euntem,

243 560 274 624 O
285 575 404 638 mater;
416 580 526 646 neque
538 555 627 618 enim
639 556 756 618 Turno
767 577 860 618 mora
871 553 974 618 libem
985 555 1110 620 mortis.

243 668 386 730 Nuntius
398 665 469 728 haec
482 662 602 726 ldmon
614 660 756 749 Phrygio
767 683 841 724 mea
853 659 940 724 dicta
952 677 1093 750 tyranno
1261 673 1288 736 75

245 772 344 838 Haud
355 771 516 861 placitura
526 768 614 832 refer
625 789 633 828 ε
645 768 758 848 Quum
769 767 915 854 primum
927 768 1067 831 crastina
1079 767 1163 832 caelo

243 879 395 943 Puniceis
407 877 537 940 invecta
547 873 628 937 rotis
640 875 767 936 Aurora
778 871 936 950 rubescit,

243 988 319 1050 Non
330 986 479 1047 Teucros
490 995 564 1066 agat
576 979 610 1042 in
622 976 778 1056 Rutulos3
790 979 959 1040 Teucrum
969 1001 1060 1042 arma
1072 981 1258 1067 quiescant·²

243 1092 285 1156 Et
297 1089 475 1154 Rutulum:
489 1101 603 1150 nostro
616 1083 809 1146 dirimamus
821 1083 981 1170 sanguine
992 1082 1130 1148 bellum.
1211 1152 1216 1160 ,

243 1201 305 1264 lllo
319 1211 485 1287 quaeratur
495 1190 640 1280 conjunx
652 1188 787 1254 Lavinia
798 1211 950 1277 campo.»
1260 1202 1288 1250 8⁰

288 1307 367 1368 Haec
379 1299 437 1364 ubi
450 1297 536 1362 dicta
548 1294 654 1374 dedit,
667 1293 870 1383 rapidusque
882 1295 916 1357 in
929 1310 1014 1360 tecta
1026 1297 1178 1376 recessit,

244 1412 352 1477 Poscit
365 1427 482 1497 equos,
497 1401 685 1492 gaudetque
698 1419 794 1466 tuens
807 1419 882 1467 ante
896 1425 953 1466 ora
965 1401 1154 1483 frementis,

244 1583 316 1628 omine
326 1575 444 1628 Parthas,
458 1587 505 1617 nou
520 1571 594 1627 male,
608 1587 660 1616 cum
674 1571 744 1616 Goth.
755 1587 801 1618 sec.
815 1583 839 1616 et
848 1583 900 1626 tert.
914 1589 934 1618 o.
949 1571 1005 1618 duro
1016 1574 1094 1634 Sprot.
1105 1599 1139 1608 -
1151 1573 1189 1634 73.
1204 1573 1249 1618 diri
1257 1590 1290 1636 pr.

244 1651 370 1710 llamburg.
391 1647 511 1692 certamine
532 1643 603 1689 Goth.
622 1655 677 1688 tert.
698 1644 747 1690 diro
766 1646 886 1688 certamine
902 1644 1000 1690 Oudart.
1013 1669 1045 1679 -
1059 1644 1096 1706 74.
1115 1648 1194 1692 Turno
1207 1655 1242 1691 est
1257 1663 1290 1708 pr.

242 1722 340 1776 Remu,
354 1733 400 1764 eta
416 1733 446 1764 m.
462 1733 507 1764 sec.
523 1715 592 1760 libero
611 1717 706 1770 Marus,
725 1726 786 1762 utet
805 1733 841 1778 pr.
860 1717 941 1762 llamb.
956 1717 1041 1762 Mirum
1056 1729 1149 1772 autem,
1164 1730 1253 1764 veteres
1267 1721 1291 1762 iu

242 1791 351 1838 hocloco
363 1787 422 1836 adeo
432 1787 519 1832 haerere
533 1787 650 1848 potuisse,
664 1796 702 1842 ut,
714 1787 913 1848 quemadmodum
926 1788 1019 1834 Servius
1033 1786 1104 1834 docet
1109 1815 1121 1843 ,·
1133 1804 1195 1834 unus
1204 1803 1252 1834 esse
1264 1801 1291 1834 ex

242 1864 285 1908 Xll
299 1857 463 1906 insolubilibus
482 1855 552 1901 fuerit
573 1855 674 1902 habitus.
690 1881 721 1891 —
735 1858 772 1918 75.
788 1857 876 1903 Acmon
894 1859 951 1902 Ven.
966 1856 1043 1919 -76.
1064 1857 1135 1919 refert
1150 1857 1240 1920 aliquot
1253 1873 1289 1918 ap.

159 1955 160 1960 ¹
242 1937 322 1980 Burm.
338 1933 440 1977 Primum
449 1944 501 1973 cum
513 1927 613 1974 malebat
625 1927 779 1990 Cuningham.
792 1952 823 1962 -
835 1945 871 1990 77.
884 1927 985 1974 rubescet
993 1927 1099 1974 Parthas.
1113 1929 1202 1974 rubebit
1212 1929 1289 1990 fragm.

243 2003 370 2053 llelmatad.
384 2015 407 2048 et
418 2002 465 2046 Eri.
479 2027 509 2035 -
521 2001 559 2063 78.
577 2003 665 2046 Teucro
678 2015 742 2044 ormo
754 2000 820 2045 Leid.
838 2017 851 2045 a
865 2017 896 2045 m.
911 2016 956 2046 sec.
976 2003 1092 2062 quiescent
1104 2016 1150 2046 sec.
1167 2000 1291 2061 Hamburg.

242 2083 360 2145 quiescunt
371 2091 417 2121 sec.
428 2075 520 2136 Meuag.
535 2099 566 2108 —
580 2089 617 2134 79.
629 2074 661 2118 Et
671 2071 789 2118 Rutulum.
802 2074 840 2118 Sic
855 2071 910 2116 edd.
924 2085 947 2118 et
961 2072 1016 2118 inde
1027 2073 1057 2116 ab
1068 2071 1130 2118 Aldo
1145 2071 1257 2134 vulgatae,
1270 2082 1293 2116 et

244 2151 404 2212 antiquiores:
419 2147 481 2190 inter
495 2143 564 2188 codd.
580 2145 718 2190 ttetnsianos
732 2158 793 2188 unus
804 2144 897 2204 Meuag.
913 2145 1026 2204 optimus,
1041 2159 1112 2204 quem
1132 2141 1174 2188 ille
1190 2145 1257 2204 aequi
1269 2155 1293 2186 se

244 2221 375 2282 profitetur.
387 2217 415 2261 tlt
425 2215 464 2258 alii
477 2213 546 2258 codd.
559 2215 664 2277 ejusdem
675 2227 698 2260 et
709 2215 781 2260 Pierii
794 2229 874 2260 omues
884 2216 953 2273 (cum
963 2213 1032 2258 Goth.
1045 2229 1092 2259 sec.
1106 2225 1130 2260 et
1140 2213 1224 2260 eodem
1235 2212 1295 2274 frap-

243 2293 332 2348 ment.)
345 2289 452 2348 adeoque
468 2286 534 2329 Rom.
550 2297 573 2330 et
587 2286 673 2331 Medic.
689 2287 714 2331 in
729 2285 835 2331 eamdem
850 2284 976 2331 lectionem
993 2287 1181 2340 consentientes,
1200 2281 1293 2329 Rutuli:

244 2359 309 2422 quod
321 2358 432 2420 praefero,
447 2367 473 2400 ut
485 2357 559 2400 oratio
571 2347 689 2402 varietur:
702 2356 767 2420 quod
778 2367 801 2401 et
815 2358 903 2402 Pierius
914 2355 973 2402 vidit
986 2371 1034 2401 uon
1044 2357 1169 2402 invenuste
1181 2355 1240 2400 fieri.
1251 2355 1295 2398 Re·
1342 2389 1343 2414 p

243 2432 306 2489 cepit
320 2443 383 2473 nunc
396 2425 498 2470 Brunct.
511 2425 644 2471 dirinmmus
655 2429 745 2490 recepit
756 2428 845 2489 primus
856 2429 935 2474 lleins.
949 2427 1057 2474 codicum
1067 2443 1163 2486 suorum
1177 2436 1200 2470 et
1209 2425 1293 2468 Pieria·
1342 2455 1343 2474 1

242 2513 327 2544 uorum
343 2498 488 2541 auctoritate.
505 2497 542 2540 Sic
556 2513 651 2558 quoque
662 2499 711 2558 jam
723 2510 778 2544 vett.
795 2498 863 2553 edd,
878 2514 951 2560 usque
966 2499 996 2542 ad
1009 2497 1061 2540 ΑΜ.
1078 2495 1139 2540 lude
1151 2495 1230 2557 vulgg.
1240 2496 1291 2539 diri·

241 2578 324 2614 ntatur.
337 2592 368 2602 -
380 2567 417 2612 81.
433 2565 575 2629 trepidusque
586 2567 678 2628 Menag.
690 2586 725 2630 pr.
741 2568 786 2613 Sed
798 2585 841 2632 que
855 2568 940 2614 inutile
954 2581 987 2614 est
1000 2583 1071 2622 onus,
1084 2583 1111 2612 ac
1125 2566 1230 2613 fulcrum
1241 2583 1291 2612 ver·

243 2654 289 2686 sus.
307 2635 447 2682 Tollendum
469 2635 576 2681 arbitror.
598 2637 719 2684 Sublatum
738 2654 834 2700 quoque
855 2638 930 2684 voluit
948 2637 1143 2698 Cuningfflmus,
1163 2649 1187 2683 et
1201 2635 1291 2682 sustulit
1342 2639 1343 2650 ¹

243 2709 345 2756 Brunclt.
357 2733 389 2743 -
400 2707 438 2753 82.
453 2707 530 2751 Pascit
545 2708 627 2753 Hamb.
648 2724 693 2755 sec.
710 2727 722 2756 a
741 2725 772 2754 m.
792 2725 839 2754 sec.
855 2711 999 2774 qaudensque
1013 2707 1076 2755 idem
1090 2725 1103 2754 a
1117 2725 1149 2753 m.
1164 2726 1202 2771 pr.

243 2866 297 2906 tem
305 2853 338 2906 de
346 2871 448 2904 summo
457 2851 617 2916 discrimine
627 2851 661 2903 ad
670 2851 745 2922 quod
790 2853 1291 2922 seteamnarrationem‚quaesequitur,

244 2953 335 3006 pugna
349 2931 516 2996 adducebat,
535 2933 675 3001 accipere:
689 2949 744 2982 non
789 2933 892 2984 dubito.
909 2935 994 2985 Locus
1014 2945 1052 2985 est
1072 2952 1122 3003 per
1140 2951 1168 2986 se
1186 2935 1293 3004 elegan-
1342 2969 1343 2974 ,

241 3017 297 3083 jana
314 3013 376 3064 licet
392 3011 541 3063 detrectare
558 3029 689 3081 pugnam,
702 3010 744 3062 vel
789 3014 920 3078 tissimus,
933 3013 967 3064 ad
978 3011 1100 3083 exempla
1112 3027 1235 3066 veterum
1246 3012 1291 3064 he·

243 3105 329 3144 morte
353 3103 426 3160 certa
449 3101 509 3141 aute
532 3089 624 3140 oculos
646 3091 742 3159 posita.
788 3109 865 3142 roum
875 3093 1035 3143 armantium
1045 3109 1072 3142 se
1083 3105 1289 3162 attemperatus‚

243 3173 339 3223 Verior
350 3173 430 3242 igitur
443 3169 527 3220 altera
540 3168 613 3238 apud
625 3169 746 3220 Servium,
788 3172 909 3241 inprimis
923 3170 957 3222 ad
972 3171 1062 3222 locum
1079 3171 1113 3222 de
1128 3171 1234 3224 Achille
1251 3190 1291 3222 ar·
1342 3201 1343 3210 κ

244 3248 499 3321 ratioznequeenim
511 3246 539 3298 in
547 3257 673 3317 potestate
685 3266 743 3298 mea
788 3252 838 3301 mis
848 3250 984 3301 Vulcaniis
996 3248 1091 3300 induto
1102 3250 1179 3302 lliad.
1193 3273 1220 3311 a,
1230 3252 1288 3319 367.
1342 3277 1343 3284 ¹

243 3340 294 3393 ert,
307 3347 407 3379 moram
418 3327 516 3396 inferre
528 3328 690 3380 venientibus
696 3327 745 3398 fa·
788 3329 839 3382 Sed
849 3332 892 3381 vix
902 3329 1008 3400 placere
1021 3341 1126 3400 potest,
1141 3331 1215 3400 quod
1225 3331 1290 3381 Tur-

243 3409 283 3458 tis.
298 3408 340 3457 Sic
356 3424 462 3476 quoque
476 3407 561 3458 Julius
574 3405 695 3458 Sabinus.
709 3437 743 3444 -
788 3427 852 3460 num
865 3423 891 3461 et
906 3411 1015 3460 AEneam
1028 3409 1085 3460 haec
1099 3412 1191 3461 omnia
1203 3413 1290 3463 facere

243 3489 286 3558 76.
293 3485 508 3556 Haudplacitura
515 3491 743 3558 tanquamignavo
787 3503 879 3541 narrat
895 3489 953 3553 die,
966 3507 1010 3540 seu
1026 3507 1145 3560 vespere,
1161 3491 1211 3562 q'ui
1224 3510 1290 3562 pup-

243 3567 345 3630 AEneae,
359 3565 742 3634 quiretractarevelletdicta‚
787 3587 849 3619 riam
870 3569 1007 3618 antecedit.
1030 3568 1122 3620 induit
1146 3571 1239 3634 arma,
1261 3581 1288 3620 ut

244 3645 743 3715 utsuprsstr.12.-—78.Compa-
786 3646 921 3718 exploret,
942 3665 975 3698 an
991 3646 1109 3700 humeris
1127 3662 1190 3718 apte
1207 3649 1289 3700 inhae-
1342 3669 1343 3672 ¹

243 3733 304 3773 rant
319 3720 394 3772 lliad.
407 3740 437 3786 γ,
450 3722 484 3774 68
497 3741 555 3794 sqq.
569 3753 604 3762 —
616 3723 658 3775 80.
671 3725 741 3774 Prae·
785 3740 879 3795 aeaut,
894 3728 1029 3796 experitur
1047 3725 1154 3777 hastam
1173 3741 1245 3790 etc,
1262 3741 1289 3778 ut

243 3800 314 3852 clare
330 3799 394 3850 haec.
412 3801 479 3852 Hinc
496 3803 594 3853 Lucan.
611 3803 673 3870 Vll,
688 3803 739 3868 348
785 3809 880 3859 iterum
890 3818 977 3870 exuat,
987 3817 1048 3856 etse
1058 3808 1144 3874 quieti
1153 3807 1209 3865 ‘det
1221 3808 1288 3858 Nam

242 3878 328 3930 medio
338 3877 428 3948 posuit
438 3878 499 3930 dens
509 3881 600 3931 omnia
609 3899 711 3953 campo.
785 3889 905 3957 sequitur
919 3905 943 3937 v.
967 3886 1015 3936 113
1031 3885 1141 3937 Postera
1160 3887 1205 3939 vix
1223 3905 1289 3938 sum-

278 3957 540 4028 81sqq.AnMaro,
559 3962 580 4011 si
597 3974 740 4014 retractare
786 3985 840 4018 mos
859 3979 909 4018 etc.
929 3966 990 4014 Non
1009 3976 1100 4016 tamen
1126 3981 1288 4036 quemquam

241 4036 358 4092 licuisset
370 4038 742 4108 carmemprobaturusfuis-
786 4044 843 4112 haec
862 4044 1007 4100 offendisse
1028 4043 1117 4095 video.
1137 4048 1202 4100 Non
1221 4044 1291 4098 male
