2690 4598
235 279 275 342 28
480 281 515 343 P.
537 277 768 344 VIRGILII
790 275 1020 346 Mauortis

234 401 274 464 In
287 401 401 465 vestris
412 423 503 489 pono
516 403 662 490 gremiis;
675 419 824 467 revocate
837 420 1022 490 parentem3

236 504 378 570 Reddite
391 525 619 594 conspectum;
632 507 713 570 nihil
726 508 782 571 illo
794 508 885 572 triste
897 525 1042 595 recepto,

235 611 314 674 Bina
327 610 413 677 dabo
425 630 559 700 argento
573 614 718 701 perfecta
730 629 828 701 atque
840 635 955 700 aspera
966 613 1066 701 signis

235 719 369 797 Pocula,
384 718 509 784 devicta
521 721 648 808 genitor
661 742 733 809 quae
746 721 832 807 cepit
844 720 973 799 Arisba;
1051 729 1054 738 ’

235 824 276 886 Εῑ
288 823 432 912 tripodas
445 826 606 912 geminos3
619 826 689 889 auri
702 824 769 889 duo
782 848 897 912 magna
908 826 1044 903 talenta;

236 930 366 992 Cratera
377 931 562 1019 antiquum,
576 953 676 1019 quem
689 929 744 994 dat
756 929 888 996 Sidonia
901 931 998 995 Dido.

234 1033 358 1098 sivero
371 1057 487 1122 capere
501 1037 640 1114 Italiam,
655 1037 858 1124 sceptrisque
870 1035 968 1122 potiri

234 1140 416 1228 Contigerit
428 1142 557 1220 victori,
571 1158 603 1205 et
614 1139 735 1228 praedae
748 1141 868 1205 ducere
881 1157 1017 1220 sortem;

235 1243 368 1325 Vidisti,
382 1269 449 1334 quo
460 1248 593 1310 Turnus
606 1268 707 1335 eque,
721 1246 841 1334 quihus
855 1245 921 1310 ibat
933 1247 967 1309 in
978 1245 1076 1309 armis

268 1404 319 1449 262.
332 1405 424 1450 reducto
433 1405 480 1450 duo
490 1405 572 1451 Moret.
583 1421 611 1451 ex
623 1423 643 1451 v.
658 1406 709 1466 257.
721 1430 752 1440 -
766 1404 818 1451 265.
829 1420 928 1469 qemmas
940 1403 987 1449 duo
998 1404 1088 1457 Burm,
1100 1402 1204 1448 indocte.
1216 1402 1276 1446 Tun
1325 1422 1326 1462 t

192 1482 200 1492 ·
236 1475 325 1518 Petitus
334 1473 400 1518 Ohss.
413 1474 435 1528 I,
447 1472 462 1530 4
474 1473 595 1536 distinguit
606 1476 703 1536 &apodas
710 1478 878 1537 qeminosauri,
888 1477 932 1521 duo
942 1489 1020 1538 maqna
1029 1471 1167 1518 talentanc.
1179 1473 1275 1532 argenti.
1326 1515 1327 1534 ,

236 1543 283 1589 Sed
294 1546 330 1589 vir
342 1544 423 1590 doctus
434 1547 533 1608 argutias
543 1557 619 1607 captat
631 1549 655 1590 in
667 1562 744 1617 meque
757 1545 856 1592 talento:
867 1546 931 1609 qnod
942 1560 989 1590 non
1001 1544 1031 1589 ad
1042 1546 1156 1605 poeticam
1169 1542 1212 1600 (cf.
1225 1558 1276 1604 sup.

238 1611 268 1657 ad
275 1613 302 1667 V,
312 1611 355 1668 248
362 1616 377 1671 l,
385 1614 426 1658 sed
435 1613 465 1658 ad
475 1617 603 1660 numeriam
612 1615 762 1661 subtilitatem
770 1618 847 1678 exigit,
858 1632 909 1679 quae
917 1633 929 1661 a
938 1626 1006 1678 poeta
1014 1612 1086 1658 aliene
1095 1624 1137 1658 est.
1145 1612 1205 1656 Tum
1214 1614 1278 1672 (τέρο-
1327 1610 1328 1622 ’

237 1681 363 1728 desumus
371 1683 480 1745 equidem
492 1687 613 1731 memorari
625 1701 673 1730 non
685 1687 792 1740 memini;
803 1686 844 1731 sed
856 1687 905 1732 fere
914 1699 992 1730 areos.
1000 1681 1089 1727 -aott
1098 1681 1145 1735 dat,
1153 1676 1234 1737 ἷδὶικες
1243 1681 1277 1725 sle
1328 1707 1329 1722 2

236 1749 279 1794 inl.
290 1754 356 1808 mittet
364 1769 385 1798 v.
399 1751 440 1796 361
451 1769 493 1814 pro
501 1757 567 1798 mitit.
578 1755 624 1800 Sed
632 1766 706 1800 crater
713 1771 765 1800 cum
773 1771 841 1802 versu
850 1757 928 1802 abesse
936 1764 1033 1816 poterat.
1041 1752 1124 1796 Deficit
1132 1765 1228 1813 quoque
1237 1764 1279 1794 co-

237 1817 306 1880 pula3
317 1819 416 1865 debebat
425 1820 504 1866 saltem
516 1822 610 1879 talenta,
620 1833 642 1869 et
649 1825 673 1868 C.
681 1850 712 1858 -
720 1824 772 1886 ²⁶7·
781 1826 837 1870 Cum
844 1842 896 1871 vem
907 1841 941 1887 pr.
954 1823 1034 1868 Hamb.
1043 1819 1133 1866 Itabltm
1143 1835 1235 1882 coperts
1244 1834 1277 1864 ⁵⁶·

238 1887 328 1949 aliquot
337 1889 491 1935 rien-268.
500 1894 592 1939 Servius
602 1894 667 1948 alios,
675 1896 766 1956 dejecere
774 1910 815 1940 seu
822 1897 899 1957 potius
907 1897 941 1953 (ut
949 1895 976 1948 ll,
985 1891 1037 1949 554)
1044 1891 1136 1943 descen,
1143 1890 1176 1934 ait
1186 1888 1262 1950 legere
1271 1901 1277 1928 :

238 1959 271 2004 sic
283 1959 390 2022 dejectam
401 1970 482 2008 sortem
493 1966 543 2008 AEn.
556 1966 584 2020 V,
597 1965 650 2026 1590.
663 1969 691 2011 At
703 1966 788 2011 Medic.
802 1966 863 2010 oud.
876 1982 888 2010 a
900 1981 931 2009 m.
942 1981 978 2026 pr.
989 1975 1012 2009 et
1023 1979 1058 2024 pr.
1068 1963 1129 2006 llott.
1142 1960 1215 2005 dt'cere
1227 1975 1278 2004 sor-

239 2039 294 2086 tem,
307 2032 370 2094 quod
382 2033 507 2080 admodum
519 2035 596 2098 placet
609 2039 719 2083 Heinsio:
732 2038 789 2083 mihi
801 2050 878 2084 tamen
890 2039 959 2082 nimis
973 2047 1078 2096 argutum
1089 2031 1192 2079 videtur.
1205 2032 1279 2086 Dicit,

238 2101 334 2157 indicit,
346 2117 430 2150 sortem
443 2109 474 2161 is,
489 2110 530 2169 qui
543 2109 655 2154 sortiendi
667 2109 722 2153 facit
733 2120 885 2170 potestatem:
898 2108 944 2154 vid.
958 2108 1035 2152 Heius.
1047 2105 1076 2149 ad
1084 2105 1114 2159 V,
1126 2103 1180 2159 486.
1191 2103 1279 2146 Ducere

239 2184 316 2218 autem
333 2187 417 2220 sortem
435 2190 503 2238 poeta
522 2182 626 2225 ornatius
644 2180 702 2224 dixit
719 2197 762 2242 pro
780 2179 901 2241 simplici:
921 2181 1007 2232 sortiri,
1026 2177 1146 2222 sortitione
1161 2173 1279 2234 dispertiri

239 2241 348 2302 praedam.
360 2269 391 2280 -
405 2246 455 2308 269.
472 2249 566 2294 Vidistis
577 2249 667 2312 aliquot
676 2250 754 2296 Heius.
767 2261 789 2296 et
801 2251 879 2295 Burin.
891 2265 944 2296 eum
955 2246 1057 2294 Macrob.
1069 2246 1113 2300 Vl,
1132 2243 1154 2288 6·
1172 2245 1223 2306 quit
1234 2241 1280 2287 iba!

240 2385 328 2425 autem
340 2389 366 2426 et
378 2378 485 2431 fortuna
502 2393 528 2432 et
540 2401 599 2453 spes
617 2386 642 2435 in
663 2385 734 2437 desi-

241 2450 399 2505 deratissimi
412 2462 527 2525 parentis
539 2461 627 2512 reditu
638 2465 732 2533 posita.

275 2531 333 2582 263.
343 2535 373 2584 In
381 2540 493 2604 praemiis
498 2540 734 2609 pollicendislocus

241 2623 302 2661 ante
315 2613 406 2666 oculos
418 2616 493 2668 Iliad.
505 2640 525 2682 t,
545 2638 590 2671 raa
604 2639 677 2693 seqq.
691 2623 735 2674 Sa·

239 2692 354 2761 pientius
366 2696 444 2746 etiam
457 2697 512 2750 haec
525 2703 613 2752 omnia
623 2701 736 2755 adorna-

240 2782 267 2822 ta
280 2791 295 2822 a
307 2774 425 2845 Virgilio.
435 2777 502 2828 Nam
511 2779 583 2848 apud
591 2782 734 2832 Homerum

239 2852 326 2904 minus
334 2853 445 2907 honeste
455 2856 541 2908 Dolon
554 2862 662 2930 praemia
671 2879 736 2931 pos·

240 2931 307 2983 tulat
329 2934 405 2986 Iliad.
429 2956 455 2997 u,
480 2937 527 2988 321
552 2956 611 3008 sqq.
636 2939 736 2990 devicta

237 3012 341 3082 penitor
352 3032 410 3085 que
421 3016 491 3086 cepit
500 3016 606 3076 Arisba,-
620 3018 658 3069 De
671 3018 736 3070 urbe.

239 3089 290 3142 hac
303 3094 374 3144 cirea
385 3095 506 3166 Abydum
517 3097 567 3149 sita
579 3116 603 3148 v.
615 3099 735 3167 inprimis

241 3167 336 3222 Strabo
348 3174 420 3239 XIII,
441 3195 468 3244 p.
490 3176 558 3239 882,
572 3177 631 3228 883.
645 3176 734 3246 Steph.

241 3253 345 3320 Byzant.
358 3253 385 3304 h.
398 3274 422 3304 v.
435 3257 525 3325 ibique
543 3259 662 3309 Holsten.
676 3277 737 3309 curn

241 3329 380 3380 Eustathio
400 3332 434 3382 ad
453 3337 528 3386 varia
548 3338 656 3386 Homeri
677 3336 737 3386 loca

241 3405 316 3457 Iliad.
326 3408 356 3466 β,
370 3408 419 3477 837
435 3422 461 3461 et
480 3411 512 3462 al.
532 3414 680 3464 Difficultas
692 3412 737 3464 hic

243 3487 270 3535 in
281 3503 312 3536 eo
322 3486 405 3551 inest,
419 3489 491 3558 quod
500 3491 611 3556 Arisba,
624 3491 736 3543 Troadis

244 3563 306 3615 urbs
315 3604 323 3631 ,
335 3566 455 3633 Trojanis
466 3570 562 3622 auxilia
572 3571 605 3622 ab
618 3573 681 3622 Asio
691 3571 738 3622 ad·

244 3645 325 3695 ducta
346 3647 424 3696 misit.
446 3649 563 3701 Eandem
583 3652 616 3703 ab
635 3650 737 3702 Achille

246 3741 365 3774 eversam
371 3742 427 3776 esse
438 3725 541 3778 Servius
549 3729 639 3795 tradit,
647 3731 737 3780 nescio

246 3819 299 3872 qua
318 3805 489 3856 auctoritate:
504 3807 550 3857 scd
569 3809 590 3858 si
608 3826 661 3878 qua
673 3810 739 3872 fuit,

783 2385 896 2438 Troadis
909 2384 1003 2437 Arisba
1013 2378 1148 2452 quomodo
1161 2396 1177 2428 a
1188 2378 1280 2445 Troja-

785 2466 825 2514 nis
848 2467 908 2535 capi
931 2463 1063 2535 potuerit,
1085 2458 1230 2509 dubitatur.
1253 2474 1278 2506 v.

784 2543 855 2594 Serv.
867 2543 917 2596 Sed
928 2542 1033 2611 repetiit
1042 2540 1093 2590 hoc
1105 2549 1187 2607 poeta
1200 2555 1231 2586 ex
1241 2553 1282 2585 re-

784 2622 847 2687 bus,
862 2639 919 2692 quae
929 2621 1073 2688 Trojanum
1085 2615 1186 2668 bellum
1206 2625 1279 2666 ante·

784 2712 932 2752 cesserant:
947 2699 979 2751 de
999 2698 1094 2767 quihus
1113 2697 1147 2746 cf.
1170 2696 1278 2745 Excurs.

783 2778 812 2829 1‘
828 2778 862 2831 ad
881 2780 907 2831 h.
921 2779 939 2829 l.
961 2779 1047 2828 Potuit
1059 2777 1139 2846 igitur
1150 2775 1282 2825 narratio-

784 2877 844 2910 nem
858 2859 891 2910 de
903 2859 999 2909 Arisba
1012 2857 1045 2908 ab
1058 2857 1140 2906 AEnea
1152 2865 1233 2923 capta
1244 2869 1283 2904 se-

786 2941 845 3008 qui,
870 2957 928 3007 quae
947 2956 1007 2988 cum
1028 2934 1148 3006 pluribus
1170 2932 1230 2984 aliis
1249 2932 1281 2982 de

784 3019 863 3070 rebus
879 3020 1000 3087 Trojanis
1019 3011 1216 3066 narrationibus
1240 3013 1282 3061 in-

784 3097 899 3150 tercidit.
913 3115 1008 3168 maqna
1027 3093 1125 3145 talenta
1144 3111 1158 3144 e
1176 3093 1284 3161 poetica

785 3179 903 3241 ratione,
914 3189 943 3226 ut
952 3187 1035 3226 ornet.
1049 3175 1130 3236 Nam,
1142 3171 1216 3241 quod
1226 3190 1284 3242 par-

786 3269 824 3308 tes
837 3257 864 3306 in
877 3257 1047 3318 secontiam,
1061 3265 1145 3302 totum
1157 3269 1285 3322 maqnum

787 3348 826 3386 est
841 3346 963 3403 respectu
972 3334 1103 3403 partium:
1116 3349 1140 3381 v.
1151 3329 1185 3380 ad
1195 3329 1242 3380 lib.
1253 3331 1284 3392 V,

789 3414 850 3478 248.
859 3415 962 3463 Cratera
971 3424 1059 3465 autem
1069 3409 1221 3480 antiquum,
1235 3411 1282 3459 int.

790 3496 898 3563 antiquo
914 3512 1003 3563 opere.
1014 3521 1048 3530 -
1059 3491 1116 3559 267.
1130 3489 1211 3540 Color
1226 3507 1286 3540 ora·

789 3574 867 3623 tionis
876 3591 907 3624 ex
914 3573 1030 3622 Homero
1038 3568 1130 3620 eadem
1138 3570 1165 3619 in
1172 3587 1200 3620 re
1208 3567 1283 3620 lliad.

789 3671 809 3712 ι,
827 3648 874 3703 135
892 3668 966 3720 seqq.
987 3665 1077 3719 capere
1089 3645 1198 3697 Italiam
1210 3665 1287 3718 mag-

788 3730 864 3782 nifice
871 3771 879 3798 ,
887 3733 909 3782 si
917 3730 1006 3782 sedem
1015 3730 1142 3790 obtineat,
1153 3740 1179 3779 et
1188 3741 1286 3779 terram

788 3812 816 3860 in
831 3811 921 3873 Latio,
939 3827 1018 3879 quam
1033 3806 1180 3858 inhabitent
1192 3807 1288 3875 Troja-

247 3879 281 3932 ad
303 3880 425 3934 Arisbam
443 3885 470 3934 in
489 3886 577 3938 insula
598 3888 684 3939 Lesbo
709 3907 741 3938 ea
789 3890 833 3954 ni,
852 3901 878 3940 et
889 3889 1007 3959 praedam
1019 3888 1120 3952 sortiri,
1133 3885 1287 3955 dispertiri,

247 3971 378 4029 spectasse
407 3961 520 4016 videtur.
552 3965 649 4016 Nostra
677 3985 740 4018 vero
790 3967 1052 4040 contigerit-269.
1065 3967 1170 4018 Taunus
1180 3983 1291 4034 asserta,
