2690 4596
302 320 538 386 nnntuos
562 323 717 386 arana
739 319 835 389 uu.¹
940 331 941 334 ‘
1025 333 1085 422 367

37 445 199 534 Quinque
212 443 300 509 orbis
314 444 447 533 explent
459 461 572 525 eursu',
586 446 793 538 totidemque
805 467 956 519 retexunt

39 554 118 617 Huc
132 553 228 618 illuc:
243 575 352 644 neque
366 555 454 618 enim
466 555 550 618 levia
561 572 617 618 aut
629 555 755 621 ludicra
767 577 925 646 petuntur
988 575 991 582 '

37 658 267 738 Praemia3sed
280 661 385 724 Turni
399 660 519 725 devita
532 662 734 748 etsanguine
747 681 882 730 certant.
1045 684 1088 746 765

52 811 54 818 .
87 766 187 828 Forte
200 787 291 830 sacer
303 769 415 830 Fauno
428 767 516 831 foliis
529 767 670 830 oleaster
681 769 799 833 amaris

39 869 107 934 Hic
120 871 268 952 steterat,
282 874 390 936 nautis
404 873 483 936 olim
494 873 683 938 venerabile
695 874 837 962 lignum,

37 975 168 1039 Servati
182 999 220 1040 cx
234 977 334 1043 undis
347 977 405 1042 ubi
418 978 518 1066 figere
532 977 619 1042 dona
631 978 781 1043 solebant

38 1083 201 1145 Laurenti
213 1083 305 1164 divo,
320 1101 352 1148 et
364 1101 455 1150 votas
467 1084 671 1173 suspendere
683 1086 793 1150 vestis,

38 1187 106 1251 Sed
120 1189 256 1276 stirpem
268 1192 390 1256 Teucri
402 1192 494 1256 nullo
507 1190 696 1256 discrimine
709 1214 838 1257 sacrum
1045 1227 1089 1274 77⁰

38 1292 261 1375 Sustulerant',
275 1319 360 1384 puro
372 1315 409 1363 ut
421 1315 556 1386 possent
568 1320 766 1364 concurrere
779 1321 907 1388 campo.

39 1400 108 1463 Hic
121 1398 213 1464 hasta
225 1404 335 1466 AEneae
348 1404 471 1468 stabat:
485 1405 551 1468 hue
564 1405 695 1492 inpetus
708 1404 798 1468 illam
876 1419 879 1424 “

39 1505 229 1586 Detulerat,
243 1507 342 1572 fixam
353 1527 386 1574 et
398 1510 486 1574 lenta
499 1510 533 1573 in
545 1509 655 1575 radice
667 1510 811 1575 tenebat.

40 1609 214 1692 Incubuit,
228 1614 399 1726 vqluitquc
412 1639 513 1680 manu
525 1617 712 1681 convellere
725 1617 851 1682 ferrum

40 1791 132 1836 Medic.
149 1808 161 1836 a
179 1808 209 1838 m.
224 1809 260 1854 pr.
270 1820 301 1830 -·-
311 1795 364 1858 763.
377 1793 470 1858 impleat
480 1795 572 1856 Menag.
590 1809 626 1860 pr.
646 1807 669 1841 et
680 1795 750 1840 Leidr
759 1795 870 1859 compleat
884 1795 989 1843 Parthas.
999 1823 1029 1834 -
1040 1800 1093 1862 764.

40 1862 98 1906 Hac
107 1870 175 1924 atque
185 1861 228 1909 lttte
237 1866 335 1912 Oudart.
347 1890 379 1901 -
391 1864 443 1926 766.
459 1865 534 1909 Fauni
542 1864 611 1910 aldd.
626 1864 679 1910 edd.
692 1865 748 1916 inde
765 1881 776 1908 a
794 1868 880 1926 prima,
892 1881 943 1910 cum
956 1869 1094 1930 sequacibus

41 1935 137 1995 (usque
150 1935 179 1980 ad
190 1936 316 1992 Commel,
328 1952 380 1998 qaae
393 1936 525 1993 discessit),
539 1947 562 1980 et
574 1938 607 1980 sic
617 1938 681 1980 Serv.
693 1935 773 1980 laudat
785 1937 814 1980 ad
825 1953 847 1982 v.
861 1953 917 1998 779,
927 1938 992 2000 quod
1001 1941 1094 2001 praefert

41 2018 98 2047 eum
111 2003 185 2050 Cerda
199 2005 323 2052 Schrader.
337 2007 366 2070 ad
379 2007 491 2050 Musaeum
501 2021 553 2066 pag.
566 2005 623 2060 330,
635 2016 745 2066 tanquam
756 2008 900 2067 exquisitius,
914 2007 959 2052 Sed
971 2007 1038 2054 aliter
1051 2026 1094 2056 co-

40 2074 122 2130 dices3
133 2087 156 2121 et
167 2077 279 2139 impedita
291 2078 317 2122 lit
325 2078 435 2136 junctura
447 2091 512 2120 socer
520 2075 596 2119 Fauni
597 2073 670 2136 fiilit's.
674 2072 784 2138 foliisque
793 2093 828 2136 pr.
838 2077 920 2122 llamb.
932 2103 964 2112 —
978 2079 1031 2140 767.
1041 2078 1094 2126 olim
1179 2093 1203 2111 ψ’

38 2149 120 2190 nautis
132 2147 200 2192 Goth.
212 2160 264 2198 tert.
279 2152 367 2214 sr'qnum
383 2147 475 2208 Menag.
495 2163 531 2207 pr.
549 2157 572 2191 et
587 2145 770 2202 ParrhaS.„non
787 2147 894 2204 indocte,
907 2161 933 2193 ut
944 2149 1094 2196 Homericum

39 2213 126 2275 ἁμα,
143 2219 207 2280 quod
223 2218 269 2265 late
285 2230 436 2280 conspectum
453 2218 591 2279 praebet-
604 2215 657 2278 768.
676 2218 707 2262 ibi
723 2234 758 2280 pr.
777 2219 860 2264 llamh.
876 2229 897 2264 et
913 2222 1030 2282 Sprot.-
1040 2224 1093 2286 769.

38 2295 144 2332 notus...
158 2297 230 2334 vestras
239 2289 298 2335 Edd.
309 2301 380 2345 vett.;
392 2289 541 2335 emendatum
554 2297 618 2333 votos
630 2291 654 2332 in
668 2289 705 2333 ed.
717 2289 770 2334 nld.
784 2301 836 2335 tert.
850 2303 872 2336 et
886 2309 898 2336 a
914 2293 955 2337 Ge.
973 2293 1094 2342 Fabricio:

40 2361 126 2420 sicque
136 2359 197 2405 Pier.
210 2374 234 2407 et
246 2363 337 2418 licina,
350 2364 430 2424 paneis
445 2363 554 2422 exceptis.
569 2369 620 2406 voto
633 2361 698 2406 Leid.
716 2375 740 2407 et
754 2380 765 2408 a
778 2379 808 2406 m.
821 2379 867 2408 sec.
880 2363 989 2410 Rottend.
999 2391 1030 2401 -
1040 2382 1093 2430 77²·

41 2429 96 2475 lruic
108 2443 162 2477 tert.
175 2434 284 2480 Rottend.
298 2434 333 2481 tic
346 2446 398 2482 tert.
412 2433 482 2480 Goth.
493 2459 524 2468 --
534 2431 586 2496 773.
599 2442 622 2478 et
633 2433 697 2480 abest
706 2434 799 2491 multis,
815 2436 843 2481 ab
855 2435 905 2482 aliis
915 2439 949 2492 in,
962 2450 1009 2484 uta
1020 2441 1095 2486 tribus

39 2498 115 2544 Goth.
127 2513 151 2546 et
161 2503 207 2548 Eri.
222 2504 305 2550 Aberat
316 2508 384 2551 etiarn
399 2523 412 2550 a
425 2505 547 2558 Medice03
559 2501 600 2549 ted
614 2503 685 2550 altera
698 2521 780 2552 manus
794 2507 890 2552 inseruit
901 2509 930 2552 ab
942 2523 960 2552 r.
974 2520 997 2554 et
1007 2509 1095 2556 delevit

37 2577 73 2615 et.
86 2571 114 2614 ln
124 2571 185 2617 Ven.
198 2582 224 2618 ut
235 2571 302 2619 lenta
314 2577 373 2620 Turn
386 2578 453 2636 Bipot
461 2574 549 2635 :fixum
565 2573 624 2618 lenta
638 2576 720 2620 radice.
734 2579 818 2631 Porro,
830 2577 902 2638 idque
914 2580 984 2623 unice
998 2595 1094 2636 verum,

38 2644 138 2687 Servius
144 2643 259 2705 jungebat
270 2662 274 2689 :
280 2647 356 2707 fixam
365 2655 388 2692 et
398 2645 458 2691 lenta
467 2646 542 2692 radice
552 2645 651 2700 enabat,
666 2661 726 2701 nou,
739 2640 770 2690 ut¹
779 2645 849 2712 vulgo
862 2649 961 2703 factum,
976 2647 1096 2694 Detulerat

32 2713 127 2774 fixam,
136 2723 159 2759 et
168 2711 183 2758 l.
195 2716 236 2760 Ge.
248 2715 367 2762 Fabricius
378 2719 493 2760 Donatum
506 2715 584 2775 legere
594 2718 626 2760 ait
637 2731 642 2760 :
655 2713 774 2760 Detulerat
788 2715 876 2760 mollem
887 2726 911 2761 et
922 2715 981 2761 lenta
990 2734 1010 2762 r.
1023 2717 1094 2776 Quod

37 2799 125 2831 verum
135 2799 183 2830 non
194 2796 227 2830 est
236 2801 241 2830 :
251 2800 306 2830 nam
312 2787 420 2846 portatus
431 2785 514 2830 lentam
523 2785 620 2830 radicem
631 2785 731 2848 explieat
742 2784 844 2830 mollem.

39 2945 79 2980 an
103 2937 194 2977 nostra
219 2939 280 2978 aetas
306 2928 334 2978 iu
354 2927 451 3000 praeliis
474 2925 548 2980 aliud
592 2928 678 2996 priam
701 2927 728 2977 in
754 2926 870 2978 oleastro
892 2924 945 2981 hoc
972 2925 1092 2978 ornando

38 3005 151 3079 probet.
169 3005 208 3057 De
220 3019 373 3058 nostrorum
390 3018 479 3058 autem
491 3023 548 3056 eer-
593 3024 725 3078 agnosee:
742 3005 897 3076 simpliciter
915 3002 1092 3056 declarandus

39 3085 174 3139 tantinum
189 3104 221 3139 ae
232 3105 398 3158 pugnarum,
410 3103 457 3136 seu
472 3083 547 3136 duel·
592 3099 649 3141 erat
672 3086 766 3151 locus,
789 3104 842 3156 quo
863 3083 942 3138 hasta
964 3084 1094 3138 haerebat.

38 3168 147 3231 lorum,
159 3166 333 3239 singularium
345 3165 468 3218 ludibriis
476 3165 547 3236 cogi,-
590 3165 703 3224 Videtur
720 3185 752 3220 ea
769 3178 826 3220 sata
839 3167 915 3236 quasi
932 3183 988 3217 esse
1006 3183 1037 3216 ex
1051 3185 1094 3218 ea-

39 3260 103 3298 tare
111 3244 137 3296 h.
145 3245 327 3318 linterpretes
336 3265 392 3298 non
401 3244 545 3298 debebant.
590 3245 687 3316 prilico'
694 3247 804 3297 Homeri
813 3245 889 3297 iliad.
899 3261 934 3310 χ,
950 3243 1007 3311 145.
1019 3245 1091 3295 conf.

40 3355 81 3367 -
92 3325 152 3393 763.
167 3339 288 3380 retexunt
304 3327 453 3398 eleganter,
470 3343 549 3394 repe·
594 3327 625 3393 ξ,
643 3325 703 3392 433.
723 3341 755 3389 a,
780 3326 835 3394 167.
857 3322 980 3396 liquam,
1003 3321 1091 3375 arbor.

41 3417 123 3472 tunt,
135 3415 284 3460 recurrunt.
296 3409 365 3460 conf.
379 3425 437 3477 sup.
451 3405 497 3456 lib.
511 3405 548 3467 V,
593 3435 627 3444 -
636 3421 694 3474 77⁰·
709 3402 785 3456 nullo
795 3403 960 3466 discrimine,
971 3401 1093 3473 adeoque

42 3485 107 3540 583.
120 3485 179 3550 584.
189 3517 224 3527 -
234 3489 293 3558 764.
313 3487 373 3557 765.
392 3488 442 3538 Hic
459 3498 547 3536 trans·
591 3486 667 3538 nallo
680 3497 802 3556 respectu
811 3484 918 3548 habito,
933 3483 1005 3555 quod
1017 3503 1093 3538 sacra

40 3571 98 3621 fert
115 3563 270 3616 Homericos
287 3568 438 3617 notissimos
457 3579 548 3615 versas
592 3575 650 3617 erat
666 3566 755 3617 arbor.
768 3593 803 3604 -
821 3579 881 3634 771.
897 3581 965 3634 puro
982 3581 1073 3635 rampo
1082 3603 1091 3628 ‚

42 3646 125 3701 Iliad.
137 3662 173 3712 χ,
189 3645 334 3698 itt-161.
356 3645 424 3697 levia
442 3644 549 3696 autla-
590 3661 694 3710 vacuo,
707 3663 763 3696 non
782 3643 920 3714 impedito:
933 3643 975 3696 sie
987 3644 1031 3697 Gr.
1048 3665 1094 3696 aa·

44 3731 137 3783 dieras
150 3725 207 3778 scil.
217 3725 314 3795 qualia
330 3733 406 3776 er'ant
421 3727 449 3776 iu
461 3737 548 3776 certa·
592 3725 666 3794 dapis
677 3727 768 3793 χοῖρος,
784 3738 813 3776 nt
829 3723 905 3776 lliad.
918 3724 955 3790 ψ,
973 3725 1015 3778 61.
1031 3727 1094 3778 Pas-

43 3809 164 3861 minibus
184 3825 215 3860 ac
236 3805 306 3857 ludis
330 3823 377 3857 seu
398 3805 547 3870 mentirer
592 3808 640 3858 sim
651 3823 708 3857 mos
716 3805 845 3877 loquendi
853 3805 1092 3858 illustratusaviris

47 3904 96 3940 seu
114 3885 279 3958 χρηματίσιις.
295 3884 367 3956 (Hoc
384 3883 548 3956 erat,qaad
592 3885 695 3952 doctis,
712 3905 738 3937 v.
757 3904 780 3936 c.
801 3884 835 3937 ad
855 3884 933 3937 Ovid.
952 3885 1022 3937 Fast.
1041 3886 1093 3950 lll,
1125 3901 1126 3904 ¹

44 3968 156 4020 volebat
166 3969 308 4038 Mejerotto
321 3985 347 4038 p.
361 3965 421 4038 47.)
593 3965 653 4018 ⁵82.
666 3993 700 4004 -
710 3981 769 4036 772.
783 3963 855 4017 basta
866 3965 965 4029 stabat,
980 3967 1092 4033 exjactu

86 4051 145 4120 766.
155 4051 216 4102 Vim
225 4049 359 4123 poetieam
371 4048 477 4100 Maroni
486 4065 548 4121 pro·
594 4064 675 4120 supra
686 4055 718 4116 ’71
727 4063 749 4099 ι.
760 4073 795 4088 ι-
806 4045 865 4116 774.
880 4043 939 4116 775.
952 4044 1053 4118 Eadem
1064 4045 1092 4094 in
