2690 4598
336 251 572 320 AENEIDOS
595 255 749 321 LIBER
772 253 834 323 IX.
1063 265 1104 331 63

54 376 82 444 Ο
94 399 176 442 rere
188 374 358 468 Pbrygiae,
372 399 482 466 neque
494 378 582 441 enim
594 376 754 468 Phryges,
769 381 813 444 ite
825 381 960 469 peralta

53 483 240 573 Dindyma3
252 484 311 548 ubi
324 483 468 548 adsuetis
480 483 622 548 biforem
635 482 691 549 dat
702 485 781 550 tibia
794 504 935 552 cantum.

53 590 234 679 Tympana
245 613 306 654 vos
317 589 491 680 buxusque
504 605 623 655 vocant
635 592 825 682 Berecyntia
835 595 947 660 matris

54 694 286 761 ldaeaetsinite
299 718 390 760 arma
401 696 492 776 viris,
507 712 540 760 et
552 695 660 762 cedite
672 698 797 763 ferro.»
1060 715 1106 764 σαι,

98 802 197 865 Talia
206 802 388 892 jactantem
401 801 511 882 dictis,
524 826 562 869 ac
575 802 646 868 dira
657 821 844 887 canentem,

1 951 3 960 ‚
54 909 130 973 Non
143 908 223 972 tulit
233 909 408 990 Ascanius;
422 931 591 998 nervoque
604 908 762 975 obversus
774 913 897 1000 equino

1 1103 2 1108 ¹
56 1109 86 1120 -
95 1083 154 1147 617.
166 1101 228 1131 vem
238 1084 299 1132 male
312 1085 402 1133 editum
418 1099 470 1132 ante
482 1086 562 1132 Heins.
577 1097 600 1132 et
611 1089 723 1150 scriptum
734 1104 832 1152 quoqne
845 1091 871 1134 in
882 1089 1010 1140 nonnullis.
1023 1097 1055 1140 ire
1068 1109 1105 1159 pr.
1129 1089 1130 1092 Ἴ

57 1153 139 1199 llamb.
155 1182 182 1192 -
197 1155 252 1202 618.
269 1158 389 1202 adsuetum
406 1157 503 1201 Oudart.
518 1181 549 1192 -
561 1155 614 1218 619.
627 1167 708 1203 vocum
722 1173 735 1204 e
747 1158 805 1204 libb.
824 1162 918 1206 retraxit
936 1163 1028 1220 Heius,
1042 1167 1107 1228 quod

55 1226 101 1285 jam
111 1228 138 1270 in
149 1238 207 1273 vett.
218 1227 273 1273 edd.
284 1230 354 1273 etiam
364 1227 416 1272 dld.
430 1245 465 1290 pr.
479 1239 535 1272 erat.
546 1225 631 1289 Vulgg.
641 1238 723 1274 vocant
731 1244 784 1274 cnm
794 1231 874 1288 llum,
885 1232 957 1296 idqne
969 1234 1051 1282 maluit
1059 1238 1106 1283 Cu·

57 1296 178 1358 ningham.
192 1323 224 1333 —
235 1298 289 1345 620.
302 1297 458 1359 cediteferm,
472 1297 549 1354 bello;
562 1297 636 1345 nolite
653 1316 715 1346 arma
727 1312 834 1347 tractare.
854 1303 901 1348 Sed
916 1303 955 1350 alii
968 1307 1030 1368 apud
1042 1310 1105 1356 Serv.

58 1379 200 1428 acceperant
217 1369 296 1414 coedite
305 1370 330 1431 f.
343 1367 389 1414 boc
405 1380 451 1425 eat,
470 1383 523 1414 curn
539 1369 583 1412 vin·
599 1384 648 1414 non
664 1372 727 1426 sitia,
745 1371 875 1418 abscindite
887 1385 976 1435 partem
988 1378 1105 1422 virorum:

57 1433 155 1498 dignm
166 1439 377 1486 Grammaticorum
388 1455 498 1494 acaunen,
516 1454 559 1484 cnr
574 1440 618 1500 ipsi
636 1452 773 1487 castrentur.
784 1465 816 1476 -
829 1441 884 1486 621.
901 1444 960 1491 dnre
975 1445 1080 1492 Parrbas.
1092 1463 1106 1492 a

57 1523 87 1552 m.
98 1524 137 1570 pr.
150 1522 175 1554 et
185 1510 238 1556 bini
251 1511 321 1557 Goth.
333 1537 365 1547 —
375 1511 428 1557 622.
447 1527 516 1557 nervo
532 1525 653 1557 conversus
662 1513 761 1560 Dorvill.
773 1529 786 1558 a
797 1529 829 1558 m.
842 1528 889 1560 sec.

0 1695 1 1700 ,
55 1648 137 1715 dulia,
151 1651 253 1722 quibus
262 1665 352 1704 mento
360 1653 497 1725 subligatis
505 1671 561 1706 nta-
608 1652 1110 1727 simplexqueloraminepauco.aCon·

55 1729 84 1780 le
105 1749 139 1782 ac
154 1743 280 1802 tempora
295 1745 428 1803 teguntur.
444 1735 478 1784 cf.
498 1751 557 1803 snp.
607 1745 650 1785 tra
660 1733 882 1805 tibioemnltifonn
890 1749 953 1787 sunt
964 1737 1037 1807 apud
1045 1740 1108 1791 Ovi·

57 1809 90 1859 ad
101 1809 149 1860 lib.
157 1811 212 1876 Ν,
225 1811 285 1864 216.
295 1813 366 1864 Male
374 1812 495 1884 plerique
502 1829 560 1862 om·
608 1810 681 1863 dium
693 1825 719 1865 et
728 1813 855 1865 Senecam
866 1817 1012 1886 tragicum
1024 1830 1055 1868 ut
1064 1836 1111 1871 sae

55 1905 99 1940 nes
109 1890 204 1944 mitms
212 1891 378 1956 Grucorum,
392 1889 556 1958 diademata,
607 1893 641 1942 tis
653 1904 760 1962 pateat,
772 1894 906 1944 foramina
916 1912 973 1946 esse
983 1897 1011 1945 in
1023 1896 1111 1949 latere

1 2009 2 2014 ,
57 1967 167 2022 cumbis
181 1970 303 2042 Phrygiis
318 1969 492 2022 confundunt.
505 1971 557 2021 Lo-
605 1971 676 2022 tibiae
691 1971 849 2041 qnaerenda,
865 1975 960 2024 nonin
976 1975 1111 2027 oratibiae·

56 2065 114 2098 cnm
127 2051 262 2120 expressit
276 2049 365 2102 Valer.
384 2049 423 2101 Fl.
439 2051 487 2114 Ill,
506 2047 557 2102 230
605 2062 631 2101 et
639 2051 692 2101 ima
699 2063 775 2120 parte
785 2073 790 2101 ε
799 2053 828 2102 in
839 2050 1107 2125 Dindymo‚Pbrygiae

55 2143 92 2197 tq·
106 2158 142 2166 —
156 2129 220 2199 617.
242 2128 324 2182 Sacra
345 2148 445 2201 magnae
464 2131 556 2182 matris
605 2142 711 2183 monte:
725 2127 760 2181 orel
770 2129 875 2196 Δίιδυμα
887 2129 933 2199 ipa.
949 2133 983 2183 cf.
1001 2133 1049 2184 inf.
1065 2134 1106 2200 X,

1 2259 2 2272 ,
56 2205 374 2282 deumquaeperagrmtur
380 2228 429 2280 per
437 2209 556 2262 furorem
607 2208 666 2262 252.
680 2227 739 2282 sup.
753 2213 804 2276 Vl,
820 2210 870 2282 785
882 2230 941 2282 sq,
955 2225 981 2264 et
993 2212 1045 2265 hoc
1057 2214 1105 2266 lib.

55 2286 120 2340 inter
127 2289 258 2342 tibiarum
266 2302 293 2342 et
302 2303 487 2362 tympanorum
493 2307 558 2342 can-
605 2308 630 2342 v.
644 2289 686 2342 82.
698 2291 803 2342 -621.
818 2301 954 2343 canentem
964 2292 1052 2363 simpl.
1066 2292 1107 2346 di-

56 2377 116 2417 tum.
133 2368 216 2420 Tibia
231 2369 370 2441 Pbrygiae
388 2369 455 2420 buxo
468 2368 555 2434 iacta;
606 2379 725 2433 centem,
744 2381 774 2421 ut
790 2371 850 2440 ipsa
864 2387 907 2421 res
923 2370 1011 2423 docet.
1028 2373 1105 2439 dira,

0 2439 1 2452 ¹
55 2445 144 2498 eadem
155 2446 260 2517 bifaris,
270 2451 345 2517 cujus
355 2450 491 2501 notionem
503 2449 558 2501 cla·
604 2446 754 2514 horrenda,
766 2467 834 2520 pro,
847 2450 1032 2520 ignominiosa.

55 2543 107 2576 ram
126 2545 185 2579 non
203 2526 356 2580 babemus:
375 2531 461 2580 sintne
484 2529 555 2580 tibia
641 2528 700 2581 622.
715 2547 773 2600 sqq.
790 2531 966 2584 Memorabile
980 2544 1037 2585 erat
1053 2532 1106 2587 boc

56 2603 189 2676 duplices,
203 2608 257 2660 alia
268 2610 397 2680 gravioris
411 2610 486 2675 soni,
503 2607 555 2660 alia
603 2606 699 2674 telum,
713 2611 813 2680 quippe
825 2610 958 2679 primum,
971 2612 1044 2682 quod
1056 2615 1107 2664 As-

56 2687 201 2739 sentioris?
213 2687 354 2739 aneaedern
362 2689 498 2759 quaetibiae
507 2707 555 2758 pa·
604 2689 696 2737 canius
713 2689 740 2739 in
759 2707 849 2760 pugna
865 2691 970 2755 emisit,
989 2693 1106 2761 primuni

1 2757 2 2760 ¹
57 2781 95 2816 res
103 2779 129 2816 et
140 2767 279 2837 impares?
290 2765 387 2819 dextra
395 2780 420 2819 et
428 2769 555 2818 sinistra?
602 2769 707 2820 uirtutis
726 2768 934 2821 documentum:
952 2773 1042 2841 itaque
1059 2790 1107 2821 or·

58 2845 194 2917 Quicquid
205 2849 240 2900 ad
252 2847 324 2902 hunc
340 2849 361 2900 l.
373 2847 482 2900 allatum
494 2859 554 2915 est,
603 2865 667 2899 nare
679 2860 760 2918 poeta
770 2851 866 2919 potuit.
875 2850 949 2900 Fecit
958 2861 1046 2900 tamen
1053 2851 1107 2900 Ho-

56 2924 187 2979 Servianis
205 2927 319 2982 debetur
343 2927 554 2980 ariolationibus.
605 2930 671 2978 meri
694 2928 833 2998 exemplo,
860 2929 906 2996 qui
929 2929 967 2978 sic
990 2928 1105 2980 Pandari

57 3006 178 3071 Praestat,
197 3007 270 3079 qnod
284 3010 430 3060 eVarroue
445 3009 557 3060 affertur
605 3009 632 3058 in
645 3007 797 3058 Menelaum
812 3006 968 3058 mittendam
980 3008 1105 3077 sagittam

57 3088 82 3136 in
96 3087 214 3139 iisdem:
238 3087 316 3140 Tibia
332 3087 450 3160 Pbryqia
466 3088 556 3138 dextra
606 3097 716 3138 exornat
727 3085 803 3137 lliad.
819 3087 848 3146 d,
869 3086 925 3135 1162
943 3102 1007 3149 tna,
1025 3088 1105 3138 etiam

58 3167 269 3238 unumsoramen
277 3167 366 3230 babet;
374 3169 477 3220 sinistra
488 3169 556 3229 dno,·
605 3183 699 3236 preces
712 3181 769 3232 ¹¹9·
777 3164 855 3214 Cani.
868 3164 916 3214 inf.
925 3163 975 3229 XI,
984 3163 1035 3234 857
1043 3183 1102 3237 sqq.

58 3264 166 3315 qnorum
180 3265 267 3298 unum
279 3258 387 3298 acumen
401 3267 494 3300 sonam
508 3246 556 3297 lta-
604 3245 732 3316 dpollnn.
743 3245 787 3309 lll,
797 3243 856 3312 275.
867 3244 917 3296 283
927 3261 966 3314 sq.
977 3244 1011 3296 de
1020 3245 1104 3297 Amo-
1151 3236 1156 3262 ¹

58 3325 111 3390 bet,
120 3324 235 3376 alterum
242 3343 358 3398 prunetae.
367 3328 409 3377 Fit
417 3329 487 3379 enim
494 3345 558 3398 pro-
603 3345 640 3377 re.
654 3326 692 3374 En
700 3322 753 3375 hoc
765 3321 832 3373 illud
843 3321 940 3374 babet:
953 3324 1105 3398 divamque

57 3401 556 3479 babile‚antiquisaimumtlbiarumge·
604 3402 833 3467 tractionem,
850 3403 878 3453 in
894 3402 1026 3457 diversam
1041 3425 1118 3476 par-·
1163 3415 1165 3420 '

0 3473 2 3478 ¹
58 3484 555 3557 nnsiuissel'brygiumdemqnesim-
603 3501 672 3548 tem,
696 3478 837 3550 ἀμφοτέρω
856 3480 1005 3548 διασχόμενος
1023 3483 1106 3536 nati-

58 3564 249 3632 plicissimnm
274 3567 350 3618 luere
365 3568 455 3636 itaque
469 3585 556 3637 pauca
601 3585 690 3630 μιοιις
709 3565 777 3615 forte
794 3573 820 3613 et
841 3581 919 3614 nervo
938 3564 1052 3617 intendit
1065 3577 1104 3617 te-

57 3645 305 3712 {neaforaminaad
312 3647 554 3700 ennosvariandos:
605 3643 678 3696 lom:
693 3645 810 3709 yanqr'dne
821 3639 895 3708 nim
912 3643 1047 3697 iurauit-bera
1058 3667 1106 3699 nn·

57 3737 83 3774 nt
105 3729 294 3796 antiquissima
319 3727 422 3780 cithara
441 3739 556 3797 quatum
605 3727 647 3794 ,ἴς
656 3727 705 3776 etsi
716 3738 743 3777 et
754 3727 861 3776 Homer.
876 3717 940 3791 αἶψα
951 3725 978 3774 θ’
990 3727 1030 3778 iri
1041 3748 1104 3797 rwpa

58 3803 555 3860 mordisconvenitfloratianumnrt.
604 3802 742 3868 metienti
758 3799 836 3872 naupli
849 3803 937 3869 ὀϊστόν,
949 3818 976 3857 et
987 3825 1048 3858 mox
1057 3827 1106 3862 stv-

58 3901 113 3938 aon.
125 3909 137 3932 ι
147 3886 226 3938 Tibia
233 3906 299 3951 non,
311 3884 560 3939 aranneonebalco
605 3882 641 3955 pir
649 3885 691 3951 pit
700 3886 771 3953 μιξᾷ
778 3882 892 3954 πίλων,
902 3883 965 3954 'rien
974 3889 998 3938 di
1008 3888 1105 3956 nidifer,

57 3965 142 4018 vincta
153 3965 401 4038 mboequeoemnla,
410 3966 456 4020 sed
469 3967 559 4020 tenuia
605 3967 708 4020 «622.
717 3983 795 4020 narso
804 3967 913 4037 equino,
920 3980 950 4022 ut
957 3967 1110 4043 ebnedaap-
