2690 4596
241 276 305 342 380
488 274 523 336 P.
547 269 780 336 VIRGILII
803 271 1037 374 Mluouts

240 397 386 461 Tantum
399 395 511 475 effata,
525 411 624 484 caput
635 395 753 483 glauco
765 395 910 460 contexit
921 397 1047 462 amictu
1253 415 1291 462 ass

239 506 345 570 Multa
357 527 507 594 gemens3
521 521 554 570 et
566 527 601 570 sc
613 504 716 569 fluvio
729 503 792 570 dea
803 503 954 570 condidit
965 505 1044 572 alto.

284 613 400 676 AEneas
413 612 513 675 instat
524 627 652 690 contra,
667 610 838 700 telumque
851 627 1003 677 coruscat

240 717 375 804 Ingens,
389 716 579 796 arboreum,
594 733 627 782 ct
639 739 726 782 saevo
739 717 786 782 sic
797 733 933 805 pectore
946 717 1051 782 fatur:

242 821 1293 912 «Quaenuncdeindcmoracst?autquidjarn,Turne,retractas?

238 929 313 993 Non
325 952 438 1009 cursu,
452 931 545 995 saevis
557 927 753 995 certandum
766 945 816 994 est
828 930 1015 994 comminus
1027 930 1141 996 armis.
1251 946 1294 1007 890

236 1037 337 1101 Verte
351 1039 457 1103 omnis
470 1053 536 1103 tete
549 1038 583 1100 in
596 1037 712 1114 facies3
726 1053 759 1102 et
771 1035 945 1116 contrahe,
959 1035 1130 1127 quidquid

235 1142 311 1208 Sive
323 1145 455 1223 animis,
469 1144 538 1208 sive
550 1159 621 1208 arte
634 1143 739 1223 vales3
751 1158 830 1232 opta
841 1143 946 1208 ardua
957 1145 1080 1231 pennis

235 1251 331 1314 Astra
344 1251 453 1340 sequi,
467 1249 658 1315 clausumve
671 1273 750 1314 cava
762 1265 794 1314 te
807 1248 953 1314 condere
965 1266 1062 1316 terra.
1076 1279 1090 1308 n

235 1355 296 1420 Ille
309 1373 409 1444 caput
421 1377 598 1446 quassans:
616 1385 629 1416 α
641 1360 716 1422 Non
728 1379 783 1422 me
795 1373 852 1421 tua
864 1355 992 1422 fervida
1004 1371 1135 1422 terrent

234 1462 344 1541 Dicta,
358 1463 468 1542 feroxq
481 1460 516 1525 dl
530 1485 585 1528 me
597 1479 737 1543 terrent,
751 1478 784 1528 et
795 1464 951 1552 Iuppiter
961 1462 1105 1529 hostis.»
1251 1477 1290 1538 895

233 1569 302 1631 Nec
314 1567 410 1654 plura
423 1566 557 1648 effatus,
572 1591 686 1634 saxum
698 1569 922 1659 circumspicit
934 1570 1068 1658 ingens,

233 1671 353 1738 Saxum
364 1673 554 1762 antiquum,
567 1673 698 1764 ingens,
712 1697 830 1765 campo
844 1674 936 1765 quod
948 1675 1034 1740 forte
1043 1674 1196 1765 jacebat,

262 1849 316 1898 885.
330 1852 416 1899 detexit
423 1852 526 1910 ZuIIclt.;
537 1869 568 1900 an
578 1857 699 1918 preterit?
708 1857 787 1919 lnquit
794 1859 872 1902 Burro.
880 1853 971 1903 -886.
982 1857 1085 1916 etflnor'o
1093 1871 1118 1902 se
1127 1857 1208 1902 condit
1216 1860 1240 1902 in
1247 1856 1289 1902 alto

232 1924 299 1970 Leid.
307 1927 394 1988 etlleg.
406 1953 439 1962 -
450 1925 504 1972 888.
513 1930 630 1992 Inqemens
642 1946 654 1976 a
666 1945 697 1975 m.
710 1944 746 1992 pr.
756 1929 844 1976 MedIc.
855 1928 989 1975 moseum:
999 1929 1037 1972 Io.
1050 1927 1178 1975 Schrader.
1189 1929 1289 1976 tentabat

232 1995 358 2042 rodomum.
368 1999 434 2044 Adeo
443 2011 519 2061 poetae
528 1999 588 2047 nihil
600 2017 688 2048 novare
697 2001 760 2047 licet.
769 2025 801 2036 -
810 1999 864 2061 889.
880 1999 927 2058 Qni
936 1999 1003 2046 Leid.
1013 1997 1108 2045 relatas
1118 2001 1211 2062 Biqot„
1224 1999 1287 2045 male.

232 2075 356 2112 nunciare
365 2067 497 2131 eleganter,
506 2085 626 2129 recusare,
636 2074 796 2134 tergiversari,
807 2071 1042 2132 detrectare-890.
1050 2079 1087 2116 est
1094 2083 1150 2131 post
1159 2071 1288 2115 certmdnm

232 2140 319 2183 omittit
331 2154 373 2184 ms.
390 2140 450 2184 Coll.
466 2142 535 2196 Iesu,
549 2155 572 2188 et
584 2159 612 2188 ex
623 2159 651 2190 eo
661 2142 755 2188 waiet.
764 2167 797 2178 -
806 2140 860 2202 890.
876 2143 945 2187 orms's
956 2142 1017 2186 Ven.
1034 2143 1119 2186 animis
1134 2148 1177 2184 cut
1190 2150 1239 2185 arte
1249 2138 1286 2184 Ed.

231 2223 267 2270 pr.
279 2209 405 2254 Burmann.
420 2221 474 2274 apta
487 2213 561 2258 ardua
573 2215 635 2260 Gud.
648 2233 661 2261 a
672 2205 704 2260 m.
720 2229 766 2260 sec.
780 2216 855 2278 pinnis
867 2214 905 2260 ed.
919 2215 985 2258 Iuni.
1001 2215 1085 2276 puqm's
1097 2211 1159 2258 alter
1167 2213 1251 2258 Hamlt.
1260 2235 1287 2247 ·-

231 2279 284 2339 893.
299 2279 446 2346 clausumque
460 2283 538 2346 vulgo.
553 2285 685 2332 clausumve
696 2289 789 2349 Menag.
803 2303 853 2350 pn,
865 2299 937 2333 recte·
951 2285 1044 2331 accedit
1055 2299 1099 2330 Μ·
1114 2283 1177 2330 Coll-
1192 2287 1256 2331 ΜΠ·
1270 2293 1288 2329 ¹0

230 2351 321 2396 credere
332 2353 430 2400 Oudart.
440 2380 471 2390 -
483 2353 536 2415 895.
547 2357 619 2420 ferox
635 2358 705 2406 hostis
714 2361 793 2421 jungit
805 2361 910 2415 Servius,
926 2373 968 2404 seu
984 2359 1094 2420 quisquis
1105 2355 1219 2403 lacinitm
1232 2355 1287 2400 Ilm

230 2424 339 2478 attexuit,
353 2424 460 2488 adeoque
468 2428 547 2489 jungit
555 2443 561 2473 z
566 2429 638 2491 ferox
647 2432 680 2476 Di
688 2445 723 2476 me
734 2439 749 2476 t.
755 2464 763 2486 ,
772 2447 905 2494 perperam.
911 2430 997 2494 ferox,
1006 2445 1022 2476 0
1034 2431 1115 2475 AEuea.
1123 2453 1155 2464 -·-
1163 2428 1219 2491 897.
1230 2431 1286 2474 Dee·

230 2566 398 2630 meum‚ulla
406 2588 465 2621 mea
472 2587 530 2621 res:
541 2589 613 2622 nunc
624 2573 732 2624 immor·
776 2575 845 2625 Tum
863 2593 889 2625 v.
907 2573 966 2642 894.
988 2569 1041 2642 895
1058 2571 1186 2623 Hectoris
1207 2569 1285 2622 verba

228 2644 326 2696 talitas.
339 2678 375 2685 -
385 2647 445 2704 885.
457 2651 516 2703 886.
529 2651 600 2704 Male
611 2651 645 2704 ad
654 2649 733 2705 'l'ibe-
777 2653 911 2718 referunt,
931 2670 1014 2722 quum
1028 2669 1056 2703 se
1070 2670 1087 2702 a
1099 2649 1152 2701 diis
1165 2649 1284 2702 delusum

229 2727 278 2778 rim
288 2727 412 2781 refertur.
421 2730 545 2803 Nympha
556 2751 583 2784 se
592 2733 619 2784 in
628 2734 732 2785 fontem
776 2733 903 2805 intelligit
915 2750 941 2784 v.
961 2749 1010 2802 ²97
1029 2749 1106 2802 seqq.
1123 2729 1285 2800 Comparant

229 2823 306 2856 suurn
329 2825 360 2858 ac
381 2807 470 2861 lacum
493 2811 626 2863 immisit:
653 2830 733 2883 quern
776 2825 867 2864 tamen
886 2813 998 2863 Ursinus
1016 2826 1044 2864 et
1063 2811 1124 2874 alii,
1146 2810 1284 2875 Iliadosr,
1326 2831 1327 2852 t

220 2885 341 2961 fluvium
347 2907 418 2941 nunc
426 2889 502 2956 dixit,
510 2890 732 2962 quandoquidem
777 2893 807 2946 81
817 2909 838 2942 1.
848 2893 908 2946 812.
918 2914 940 2960 p,
953 2889 1013 2962 175.
1028 2891 1087 2961 176.
1098 2889 1189 2942 Grave
1200 2905 1284 2942 autem

202 3031 204 3036 ,
229 2979 255 3016 et
267 2965 361 3019 lluvius
378 2969 440 3022 inde
454 2971 553 3040 prodit.
571 2991 596 3023 v.
614 2973 675 3024 Ere.
694 2973 731 3022 Ill
775 2971 874 3044 pathos
895 2972 947 3024 illis
968 2973 1058 3024 inest:
1084 2970 1150 3022 Non
1179 2989 1222 3022 me
1243 2983 1284 3022 tua

228 3045 263 3097 ad
271 3046 480 3102 lib.VII.Simile.
488 3051 638 3122 exemplum
650 3053 731 3104 Tibe·
769 3052 879 3122 fervida
896 3063 993 3103 terrent
1009 3052 1092 3103 dicta.
1110 3049 1179 3100 Sunt
1198 3063 1283 3103 autem

227 3127 263 3177 ris
280 3145 309 3180 se
325 3131 353 3180 in
369 3128 478 3182 lluvium
493 3133 658 3184 immittentis
669 3133 729 3182 AEn.
770 3129 878 3201 feruida
887 3132 958 3182 dicta
969 3131 1103 3202 superba,
1116 3133 1283 3202 arrogantia,

226 3205 300 3272 VIII,
317 3208 366 3275 66,
383 3210 436 3262 alia
453 3229 496 3280 ap.
516 3213 595 3262 Hom.
613 3211 688 3264 Iliad.
702 3230 727 3270 e,
775 3215 887 3284 proprie
895 3213 928 3264 de
937 3214 985 3264 ira.
995 3209 1283 3286 Jupiterltostt'sestin·

227 3286 287 3337 2¹8.
311 3304 370 3356 2¹9·
390 3289 485 3360 Odyss.
500 3305 528 3351 t,
547 3291 606 3343 252.
623 3293 651 3356 d,
668 3287 728 3357 405.
775 3293 877 3356 festus,
893 3304 924 3343 ut
936 3292 1002 3343 alias
1015 3309 1115 3344 numen
1134 3294 1281 3346 inimicum.

119 3427 122 3432 .
262 3365 313 3432 887
326 3385 385 3437 sqq.
399 3371 495 3422 AEneas
507 3371 594 3423 vibrat
607 3370 729 3437 hastam,
811 3371 871 3441 896.
884 3372 988 3423 Emissa
997 3370 1093 3438 hasta,
1107 3393 1194 3446 quum
1204 3374 1282 3425 altera
1325 3409 1326 3430 p

227 3459 307 3510 quam
320 3461 402 3514 supra
413 3465 452 3498 vs.
468 3449 519 3518 786
530 3451 641 3501 Veneris
652 3449 731 3500 bene·
775 3452 896 3516 deficiat,
910 3469 980 3522 saepe
995 3451 1039 3522 (v.
1053 3473 1077 3504 c.
1091 3455 1171 3509 Iliad.
1186 3457 1218 3522 ξ,
1236 3456 1281 3524 409

226 3519 286 3571 ficio
300 3540 452 3594 receperat,
466 3546 548 3599 quum
556 3531 648 3580 Turno
659 3531 730 3581 adu·
774 3550 834 3603 sqq.
849 3553 860 3583 s
868 3571 876 3598 ,
896 3533 965 3602 064)
981 3535 1020 3585 sic
1032 3532 1133 3589 heroes
1149 3535 1280 3588 Homerici

226 3611 306 3649 turno
320 3605 389 3654 ensis
399 3595 492 3658 fuisset
501 3608 630 3660 redditus.
641 3609 729 3678 Major
774 3629 838 3663 saxa
858 3613 982 3681 jaciunt:
1005 3613 1057 3683 ipsi
1085 3615 1157 3667 adeo
1183 3617 1236 3679 dii,
1255 3625 1280 3664 ut

226 3689 266 3728 est
283 3681 364 3730 totius
376 3689 511 3753 sequentis
524 3687 578 3740 loci
593 3691 728 3754 suavitas,
772 3689 850 3741 Iliad.
864 3708 898 3755 φ,
911 3690 963 3757 403
975 3707 1032 3760 sq.‚
1045 3693 1120 3747 unde
1133 3695 1161 3746 h.
1174 3695 1193 3746 l.
1204 3695 1279 3747 verba

225 3757 248 3806 si
264 3757 323 3825 quis
335 3759 456 3813 Hectoris
469 3783 528 3816 cum
541 3766 644 3820 Achille
659 3787 727 3840 pug-
772 3771 829 3822 fere
842 3769 925 3821 ducta
936 3783 1012 3832 sunt;
1032 3770 1075 3824 Cf.
1090 3793 1116 3837 s,
1136 3775 1200 3828 303.
1215 3775 1281 3840 304,

224 3853 289 3886 nam
298 3848 385 3888 mente
396 3851 492 3893 teneat.
504 3863 529 3895 v.
540 3845 616 3896 Iliad.
627 3863 661 3911 χ,
672 3848 690 3898 l.
702 3865 725 3897 0.
772 3860 798 3899 ct
815 3869 851 3915 μ,
872 3849 924 3916 445
944 3867 1003 3919 sqq.
1023 3850 1067 3902 Ad
1085 3853 1171 3906 talem
1184 3874 1280 3906 rnorem

225 3914 265 3964 lta
274 3931 326 3965 vss.
339 3915 455 3988 068099.
464 3939 604 3993 expressos
612 3926 726 3989 videbis,
770 3926 943 3999 laaecquoque
952 3928 1085 3999 exigenda
1094 3947 1168 3985 sunt.
1178 3937 1280 3988 Turnus

225 3991 274 4044 sed
292 3997 426 4064 ornatius,
443 3997 488 4050 hic
506 4017 531 4052 v.
553 4001 604 4070 890
616 4033 651 4044 -
663 4003 724 4072 893.
772 4020 862 4061 antem
880 4009 929 4061 etsi
947 4025 1040 4061 ensem
1051 4029 1215 4086 receperat,
1227 4015 1280 4086 (vs.
