2724 4600
337 271 571 338 uuuroos
594 273 747 340 tisun
770 277 809 342 x.
1032 309 1089 375 109

52 397 172 488 Surgit,
187 395 343 462 caelicolae
355 394 502 460 medium
514 396 667 484 quemad
679 399 791 464 limina
802 398 937 468 ducunt.

94 509 227 570 Interea
240 504 353 568 Rutuli
366 505 469 591 portis
482 505 606 568 circum
618 506 770 572 omnibus
783 509 904 574 instent

54 613 205 677 Sternere
219 607 310 674 caede
322 609 423 688 viros,
438 624 471 672 et
482 609 604 673 moenia
616 610 747 696 cingere
759 611 907 680 flaminis.

54 720 92 780 ht
103 717 193 804 legio
207 712 390 778 AEneadum
401 713 639 791 vallisobsessa
651 731 796 796 tenetur,
859 717 868 740 ”

55 827 121 889 Nec
134 845 211 912 spes
225 821 291 886 ullu
303 822 389 908 fugae
402 844 408 882 :
422 821 532 884 miseri
545 836 630 884 stant
642 821 785 886 turribus
797 825 869 890 altis

55 927 303 1018 Nequidquam,
317 942 350 990 et
361 948 432 989 rara
444 948 556 990 muros
569 927 699 990 cinxere
712 950 852 993 corona:

54 1037 149 1099 Asius
163 1029 375 1109 Imbrasides,
391 1031 669 1119 Hicetaoniusque
682 1031 886 1120 Thymoetes,

55 1139 269 1226 Assaracique
281 1135 363 1216 duo,
378 1150 409 1199 et
422 1136 532 1199 senior
543 1159 619 1200 cum
632 1137 765 1200 Castore
778 1137 967 1228 Thymbris,

58 1245 165 1308 Prima
176 1244 282 1308 acies:
298 1241 359 1305 hos
371 1242 516 1328 germani
528 1238 725 1328 Sarpedonis
738 1241 851 1323 ambo,
1054 1269 1094 1314 125

59 1352 95 1415 Et
108 1350 239 1427 Clariae,
255 1364 288 1411 et
298 1346 466 1426 Themon,
481 1348 580 1435 Lycia
591 1347 790 1412 comitantur
801 1349 842 1412 ab
855 1349 927 1414 alta.

89 1551 139 1582 120.
148 1537 183 1580 At
189 1535 269 1580 Heius.
278 1549 291 1580 e
299 1531 367 1579 codd.
375 1549 418 1594 pro
425 1530 488 1594 vulg.
496 1531 548 1578 Ast.
557 1531 647 1578 Zulich.
658 1533 701 1578 Ac.
703 1532 804 1594 flammis
811 1534 857 1581 obs.
865 1552 902 1598 pr.
911 1525 1042 1604 Hamblpro
1049 1562 1090 1592 var

60 1606 110 1653 lect.
119 1632 151 1642 -
167 1621 218 1651 121.
229 1607 277 1650 Nec
288 1619 308 1649 s.
318 1621 341 1648 u.
346 1603 410 1668 fuqoe
419 1606 505 1649 miseris
516 1606 592 1666 sprot.
605 1602 652 1650 duo
661 1604 771 1650 Rottend.
782 1618 805 1650 et
813 1606 910 1654 Dorrill.
917 1633 949 1643 -
961 1611 1011 1657 123.
1024 1615 1098 1662 Iasius

59 1693 180 1740 perperam
187 1675 276 1722 editum
283 1676 367 1737 passim
375 1687 427 1719 ante
435 1675 514 1720 Heius.
523 1675 592 1719 Aruas
598 1676 645 1736 jam
654 1677 742 1721 Pierius
751 1677 912 1724 emendaverat
922 1696 949 1725 ez
960 1683 1026 1728 Rom.
1033 1686 1098 1732 Reli·
1119 1707 1125 1720 ¹

60 1762 112 1809 quas
121 1743 269 1807 corruptelas
278 1747 398 1790 nominum
408 1746 432 1788 in
442 1741 465 1788 h.
476 1760 497 1790 v.
511 1743 589 1790 videat
596 1745 637 1804 qui
646 1742 709 1789 volet
717 1760 753 1806 ap.
761 1746 870 1790 Burmin
877 1750 943 1808 cujus
951 1750 1007 1796 edit.
1017 1755 1098 1802 vitiose

60 1830 175 1863 exaratum
186 1815 321 1861 Thimoetes.
334 1817 372 1860 Est
382 1816 444 1860 enim
453 1810 578 1874 Θυμοίτης.
592 1815 617 1858 in
629 1813 695 1858 lliad.
708 1829 739 1875 y,
759 1813 809 1870 146.
826 1819 881 1862 item
893 1834 931 1879 ap.
942 1821 1054 1878 Quintum
1065 1827 1100 1881 ΙΙ,

60 1903 79 1947 9.
90 1899 145 1932 sunt
154 1884 280 1947 etreliqua
289 1886 382 1930 nomina
393 1885 526 1938 Homerica,
536 1883 578 1928 sed
587 1897 650 1928 nunc
659 1886 753 1944 poetico
762 1896 851 1930 tantum
862 1901 905 1932 usu
916 1893 1046 1949 promiscue
1056 1894 1100 1938 ad·

60 1956 138 2004 hibin,
148 1982 180 1992 .-
192 1954 243 2012 ¹¹4·
259 1956 289 2000 A.
299 1956 378 2002 domus
387 1955 431 2001 duo
441 1963 463 2000 et
475 1954 517 1998 Ed.
528 1971 564 2015 pr.
576 1970 614 2016 ap.
623 1956 749 2000 Burmann.
760 1971 788 2000 ex
796 1954 837 2000 lib.
849 1957 871 2012 1,
888 1957 939 2012 284.
957 1958 1063 2019 Thybris,
1076 1977 1100 2011 et

61 2040 110 2074 :ute
127 2028 209 2074 Heius.
227 2025 320 2086 Tybris,
334 2038 468 2088 corruptum
483 2025 598 2072 arbitror:
615 2024 739 2082 Quomodo
753 2027 814 2070 enim
830 2027 944 2088 Trojanus
954 2031 990 2075 vir
999 2045 1099 2092 poetaea

60 2100 136 2145 Tiberi
148 2099 296 2145 denominari
306 2097 426 2143 commode
435 2096 528 2159 potuit?
536 2095 671 2157 Legeudum
686 2093 816 2154 Thymbre,
826 2097 890 2159 quod
902 2110 925 2142 et
936 2100 1002 2144 Rom.
1011 2101 1099 2150 habet:

61 2185 133 2232 eoque
152 2167 262 2214 alludunt
275 2162 315 2214 alii
329 2185 366 2230 ap.
380 2170 471 2222 burm,
486 2167 610 2228 inquibus
628 2164 750 2222 Thirdrt's,
767 2166 875 2223 Tunbris,
892 2168 993 2216 Tlu'uln's
1007 2171 1099 2235 legitur.

60 2241 109 2285 Fuit
120 2252 199 2286 amem
208 2239 325 2304 Thymbra
334 2239 389 2285 urbs
399 2250 421 2284 et
432 2237 528 2293 fluvius,
541 2236 579 2283 hic
589 2240 659 2283 etiarn
667 2237 802 2302 Thymbris,
813 2240 922 2297 Troadis,
934 2243 980 2289 vid.
994 2243 1060 2292 Iliad.
1071 2264 1100 2304 κ,

60 2309 114 2365 430,
123 2310 206 2372 ibique
215 2309 332 2364 Eustath„
344 2309 407 2354 unde
417 2308 567 2371 Thymbraeus
579 2306 671 2369 Apollo.
684 2308 714 2353 cf.
727 2309 768 2354 Ge.
781 2309 876 2365 1v‚323
889 2324 912 2357 et
922 2313 975 2358 Not.
988 2315 1100 2364 Transtu-

61 2379 106 2426 lere
115 2382 341 2444 Graeciqscripturam
349 2379 393 2425 sibi
402 2381 519 2424 notiorem
528 2378 558 2423 ad
569 2379 684 2434 Tiberim,
699 2395 769 2442 quem
781 2393 804 2426 et
817 2383 893 2442 ipsum
905 2377 1005 2447 Olps‘prr
1020 2386 1101 2450 appel-

61 2448 113 2494 lant.
127 2449 158 2494 ci.
173 2448 269 2494 Salmas.
282 2449 312 2496 ad
322 2450 434 2510 inscript.
446 2448 532 2493 Herod.
544 2463 568 2509 p.
586 2447 623 2510 87.
635 2473 667 2484 -
681 2451 730 2495 125.
745 2451 822 2496 Prima
837 2455 884 2497 acie
898 2452 963 2499 malit
972 2456 1099 2520 Trappius,
1189 2501 1192 2512 ,

61 2520 152 2582 vulgare
166 2519 287 2582 amplexus
300 2537 344 2582 pro
360 2522 519 2583 exquisitiore.
533 2519 593 2563 Tum
609 2536 645 2582 ap.
661 2522 724 2567 Serv.
739 2522 911 2585 interpungitur
922 2525 950 2569 ab
962 2526 1023 2584 aliis,
1036 2530 1102 2592 quod

63 2593 92 2636 Ge
110 2592 201 2637 Fabric.
212 2591 326 2637 malebat:
336 2591 375 2637 lios
382 2594 495 2656 qerrnaru',
505 2591 638 2653 Sarpedonis
647 2591 713 2637 ambo
722 2595 730 2651 (
739 2607 770 2638 sc.
784 2592 825 2640 filii
834 2597 855 2653 ),
867 2596 899 2640 Et
910 2594 997 2643 Clarus.
1007 2625 1038 2634 -
1050 2602 1100 2647 126,

63 2663 91 2707 Et
99 2661 208 2708 Clamet
214 2665 316 2709 liemon.
327 2665 402 2709 Locus
413 2663 534 2709 manifeste
543 2664 685 2724 inquinatus,
696 2673 719 2709 et
728 2665 753 2708 in
763 2663 825 2726 leges
835 2668 941 2712 metricas
949 2685 1060 2730 peccans,
1070 2675 1103 2717 ait

63 2734 175 2781 Heinsius.
186 2737 224 2781 Sic
233 2747 311 2781 tamen
322 2737 387 2780 llom.
400 2749 453 2780 cum
466 2732 516 2779 aliis
525 2735 585 2780 Pier.
600 2746 623 2779 et
633 2735 752 2781 Mediceus
764 2751 816 2780 cum
827 2737 878 2783 aliis
891 2739 984 2795 Heins,
996 2754 1022 2786 ut
1035 2755 1102 2789 vetus

63 2805 118 2852 adeo
129 2806 264 2868 corruptela
276 2805 314 2852 hic
325 2805 424 2852 insideat
434 2821 440 2850 :
450 2805 577 2866 scripturus
587 2807 648 2850 enim
658 2805 739 2851 fuisset
748 2819 829 2868 poeta,
838 2817 906 2871 atqua
915 2811 1017 2856 Hoemon.
1028 2813 1102 2858 Hein.

65 2877 109 2921 sius
119 2889 194 2922 tentat
205 2877 269 2922 varie
281 2885 305 2922 et
318 2877 415 2922 Cnemort
429 2887 452 2921 et
464 2877 541 2921 Maon
552 2886 575 2920 et
586 2876 706 2929 Memmii,-
717 2876 758 2921 sed
770 2875 823 2921 talia
835 2877 925 2923 infinita
936 2881 1007 2938 possit
1020 2879 1103 2942 aliquis

65 2948 214 2992 comminisci.
227 2946 259 2991 Et
272 2946 352 2993 Clarus
365 2956 387 2993 et
401 2947 488 2991 Hemus
499 2946 541 2990 Ge.
555 2945 645 2990 Fabric.
656 2945 752 3006 probat,
764 2958 790 2991 ut
802 2948 831 2991 sit
843 2944 934 3002 Clarus,
951 2960 977 2993 ut
988 2949 1103 3006 Panthus;

65 3019 103 3064 sed
113 3009 184 3079 ‘Epor
197 3019 234 3064 rix
248 3020 357 3063 occurrit.
373 3019 405 3062 Et
417 3001 494 3062 Dariu
508 3017 589 3062 vitiose
598 3014 707 3060 nonnulli
717 3031 723 3060 :
735 3015 813 3060 multae
826 3018 894 3061 etiam
907 3016 960 3061 edd.
978 3019 1009 3062 Et
1023 3019 1103 3066 Clarus

66 3084 186 3142 Ethemon,
197 3085 234 3133 vel
244 3085 369 3132 AEtlteman.
385 3086 490 3133 Parrhas.
502 3083 578 3130 clarus
590 3083 690 3129 Thimon.
700 3087 753 3129 Duo
765 3085 873 3130 Rottend.
887 3097 909 3131 et
922 3102 934 3130 a
946 3102 976 3130 m.
989 3102 1034 3133 sec.
1051 3089 1104 3136 Mo-

67 3168 108 3201 ret.
124 3169 177 3203 tert.
197 3166 220 3202 et
237 3155 352 3203 Theman:
364 3153 463 3218 intar3
476 3154 540 3219 quod
549 3155 670 3217 equidem,
687 3157 706 3198 si
722 3154 780 3216 quid
791 3154 939 3210 mutandum,
958 3172 1010 3202 curn
1023 3159 1101 3206 Heins.
1129 3147 1132 3157 ¹

68 3226 120 3272 edit.
130 3227 259 3289 amplector
269 3244 275 3273 ε
285 3229 389 3292 inprimis
399 3245 451 3274 cum
461 3225 599 3288 corruptele
612 3239 690 3271 caussa
705 3227 730 3269 in
744 3237 837 3286 promtu
849 3227 885 3270 sit.
898 3223 955 3271 liare
966 3229 990 3272 in
1003 3229 1062 3275 Gud.
1075 3247 1104 3277 ex

68 3297 122 3342 vitio
131 3298 254 3343 scribentis
265 3313 308 3360 pro
323 3297 385 3354 b'ct'ct,
400 3299 482 3356 Lycia,
496 3309 520 3344 et
533 3311 596 3342 erasa
609 3311 654 3342 vox
670 3295 821 3349 antecedens,
835 3294 897 3340 unde
913 3296 991 3342 Heins.
1008 3301 1104 3360 putabat

68 3366 135 3413 fuisse
144 3377 167 3413 et
174 3369 257 3414 Hoerrto
266 3367 336 3414 Iliaca
345 3386 365 3415 e.
376 3369 405 3414 ab
415 3370 466 3414 lda.
475 3370 565 3414 Pierius
577 3365 702 3412 nonnullos
713 3364 800 3410 habere
810 3375 906 3411 testatur
917 3367 958 3412 Ida
972 3383 992 3412 c.
1003 3369 1031 3414 ab
1044 3369 1104 3427 alta,

67 3441 172 3498 pessime.
187 3440 330 3502 Sarpedonis
343 3442 424 3486 iratres
439 3456 452 3486 e
469 3442 539 3503 Lycia
558 3438 652 3484 oriundi
666 3451 716 3483 este
732 3436 843 3485 debuere.
859 3439 927 3498 Lycia
941 3437 1000 3495 alta,
1016 3443 1104 3500 nobili,

68 3507 138 3564 clara,
147 3523 181 3555 ut
197 3509 254 3556 alias
269 3527 363 3574 quoque
378 3524 454 3574 poete
469 3510 513 3557 hoc
528 3508 649 3573 epitheton
663 3509 833 3571 frequentatur.
849 3513 968 3556 comitatur
981 3511 1034 3558 edd.
1050 3513 1102 3559 Ald.

68 3577 130 3623 lunt.
138 3578 167 3624 ab
173 3587 226 3624 acta
235 3579 305 3625 Goth.
319 3592 372 3626 tert.

70 3735 217 3812 clamatque
232 3739 305 3791 adici
323 3739 464 3792 cervicibus
483 3738 565 3794 Atlas.
645 3738 1104 3811 118.119.Comparantverballiad.

70 3844 101 3854 -
118 3834 174 3888 117.
201 3818 327 3870 medium.
349 3817 399 3870 Hic
419 3819 568 3871 Romanum
609 3840 643 3886 μ,
656 3820 703 3886 35,
717 3820 759 3873 36.
772 3831 799 3872 et
809 3821 905 3872 moenia
916 3821 1106 3896 cinyrreflam-

72 3913 197 3967 agnosce:
211 3910 242 3948 ut
257 3899 454 3970 magistratum,
474 3899 512 3948 ita
530 3895 568 3949 dii
612 3897 823 3962 mis,immittere
833 3899 1045 3970 undiqueignes,
1059 3899 1106 3949 nli-

74 3973 206 4028 deducunt
217 3977 312 4032 lovem
324 3975 507 4030 venerabundi.
612 3988 653 4029 ter
666 3975 767 4030 dictum
784 3997 814 4031 ac
833 3995 891 4048 sup.
909 3979 958 4046 IX,
980 3977 1041 4042 160,
1059 3977 1107 4033 ubi
