2690 4598
315 321 552 386 AENEIDOS
576 321 728 387 LIBER
753 327 813 389 lX.

55 446 144 508 Pinea
156 445 237 509 silva
247 442 345 522 mihi,
359 445 480 509 multos
493 443 611 510 dilecta
623 469 682 533 per
694 469 811 527 annue,

55 550 178 614 *Lucus
191 551 224 614 iu
236 571 312 614 arce
324 551 389 614 fuit
400 573 541 630 orntum,
555 573 622 640 quo
635 574 724 616 seem
736 552 898 633 ferebant,

55 655 216 742 'Nigranti
228 657 322 743 picea
336 655 550 744 trabibusque
563 657 724 722 obscurus
731 659 858 723 acernis
870 683 877 720 :

56 762 116 825 Has
128 745 189 848 ego
201 760 368 826 Dardanio
376 761 506 850 juveni,
522 785 624 851 quum
637 763 746 828 classis
758 780 883 851 egeret,

56 868 138 930 Laeta
149 865 226 931 dedi
239 891 246 928 :
260 890 349 931 nunc
361 867 533 931 sollicitam
545 868 645 932 tim'or
655 869 769 932 anxius
782 885 908 956 urguet.

56 971 144 1035 Solve
157 988 278 1051 metus,
286 987 391 1061 atque
403 972 467 1036 hoe
479 972 633 1060 precihus
645 974 715 1036 nine
728 997 825 1062 posse
837 988 1022 1062 parentem,
1057 1001 1088 1048 ρο

56 1078 99 1140 Ne
111 1099 208 1141 cursu
221 1093 380 1165 quassatae
392 1077 476 1158 ullo,
490 1101 556 1142 neu
569 1078 701 1144 turbine
712 1081 802 1142 venti

56 1182 246 1261 Vincentur3
258 1182 363 1269 prosit
374 1184 495 1247 nostris
507 1184 542 1246 iu
553 1183 721 1248 montibus
734 1200 830 1248 ortas.
846 1213 860 1242 n

56 1387 88 1426 se;
99 1371 139 1418 sed
151 1372 213 1417 conl.
225 1373 278 1417 Not.
290 1397 322 1408 -
335 1373 372 1418 85.
383 1373 468 1420 delecta
478 1374 564 1421 Medic.
576 1391 628 1422 cnm
644 1379 720 1440 Sprut.
732 1389 755 1422 et
770 1374 879 1422 Rottend.
891 1391 927 1438 pr.
938 1399 970 1412 -
980 1373 1018 1422 86.
1032 1383 1091 1420 tene·

57 1441 105 1485 lunt
115 1441 175 1486 Gud.
188 1459 200 1487 a
213 1459 243 1494 m.
256 1459 293 1505 pr.
304 1443 417 1506 parabunt
426 1442 515 1490 zulich.
528 1446 635 1492 Ceterum
650 1447 679 1492 ad
688 1446 731 1492 hor
742 1461 821 1492 versut
833 1445 870 1491 85.
883 1444 921 1490 86.
934 1444 962 1508 87
975 1446 1093 1490 neminem

56 1512 175 1559 offendisse
187 1516 266 1560 miror.
279 1516 332 1560 Este
342 1517 404 1561 enim
414 1515 504 1562 hiulcos
514 1527 537 1562 et
545 1518 650 1573 scabros,
664 1533 708 1563 nec
717 1517 832 1564 sententie
842 1515 958 1562 coherere
971 1531 1022 1562 cum
1033 1527 1093 1561 cete-

55 1586 93 1638 rie,
108 1584 137 1628 ad
148 1600 240 1630 tensum
253 1585 358 1646 proclive
371 1599 404 1632 eet
414 1603 420 1632 :
433 1589 500 1650 pinea
510 1585 567 1634 silua
583 1586 637 1634 milri
642 1614 672 1626 -
679 1591 754 1635 Larus
771 1591 794 1632 in
808 1603 860 1634 erce
870 1586 969 1650 fuit-,
980 1601 1093 1649 quereum

56 1669 112 1700 nunc
120 1669 260 1702 memoratur
273 1655 337 1703 lucus
349 1660 372 1703 in
378 1675 430 1704 arce
434 1694 442 1716 ,
457 1677 528 1723 quum
539 1663 564 1706 in
572 1661 612 1706 Ida
623 1661 652 1706 ad
662 1661 807 1706 Antandrum
813 1661 890 1707 classis
898 1659 1009 1704 aedificata
1017 1658 1093 1704 esset?

56 1741 94 1772 nec
103 1729 127 1772 in
138 1728 242 1790 acropoli
254 1729 291 1774 llii
303 1745 360 1776 caesa
372 1747 420 1777 etse
432 1735 509 1793 potuit
520 1735 628 1778 materies
640 1734 743 1787 navium,
755 1731 813 1778 alter
824 1734 906 1794 utique
915 1744 995 1776 versut
1004 1731 1093 1775 rescin-

9 1799 11 1850 ξ
56 1795 140 1842 dendus
150 1812 205 1844 erat.
222 1801 269 1844 Nec
281 1803 335 1846 tatia
347 1815 542 1858 consentaneum,
553 1804 571 1848 ti
583 1805 672 1864 pineam
681 1801 761 1848 sileam
773 1801 844 1856 dixit,
858 1799 956 1848 eandem
968 1799 1043 1844 lacere
1053 1799 1094 1842 Ni·
1156 1840 1159 1847 ,

9 1869 10 1922 J
56 1871 123 1929 qranti
130 1873 194 1930 picea
205 1880 229 1915 et
238 1871 341 1917 uveribus
350 1872 474 1918 obscurem.
485 1873 609 1919 Praestabat
619 1873 698 1920 delere
708 1873 755 1918 duo
766 1887 856 1927 versut,
870 1883 987 1933 tamquam
997 1867 1092 1914 aliunde

57 1941 78 1982 in
89 1942 188 2002 margine
201 1945 319 2005 appium,
338 1956 427 1990 mutato
438 1960 503 2000 mox,
518 1947 546 1991 iit
558 1943 640 2000 illatis,
659 1960 710 1990 voc.
724 1945 827 1988 Huncin
842 1945 904 1995 Has3
923 1940 1004 1986 saltem
1015 1937 1093 1984 inclu-

57 2007 107 2054 dere
115 2024 166 2066 coe,
176 2023 293 2074 tamquam
305 2029 316 2058 a
326 2025 395 2075 poeta
404 2026 537 2072 narratore,
550 2013 579 2060 ad
589 2015 805 2076 interpretationem
815 2014 925 2064 insertos,
934 2012 960 2054 in
969 2007 1032 2053 hune
1043 2021 1095 2051 mo-

9 2137 10 2142 *
57 2077 205 2126 dunzP.'rrea
216 2081 273 2127 silua
286 2083 341 2128 mitt
352 2081 433 2130 multoe
447 2082 528 2130 dilecta
544 2099 586 2147 per
603 2099 674 2132 annos
685 2085 775 2142 (Lucus
791 2085 814 2126 in
831 2095 882 2126 arce
894 2077 1095 2142 fust—obscurus
1188 2075 1193 2087 ‘

9 2151 10 2224 ᾗ
56 2165 73 2192 a
80 2153 149 2208 mut)
159 2153 225 2196 Hane
232 2169 272 2217 eqo
279 2155 309 2198 D.
318 2156 405 2200 Verum
413 2191 420 2211 ,
427 2167 453 2200 nt
460 2154 675 2217 diximus‚pr0rtus
683 2164 736 2200 sunt
744 2152 815 2199 alieni
824 2151 853 2198 ab
862 2151 886 2196 h.
897 2151 912 2196 l.
925 2175 956 2184 -
967 2147 1005 2210 89.
1013 2149 1095 2193 aterius

56 2225 112 2284 eupit
121 2225 251 2269 retinuerat
262 2225 342 2271 Heius.
355 2226 462 2272 codicum
478 2229 583 2273 omnium
597 2239 621 2273 et
632 2229 693 2272 Picr.
711 2237 733 2272 et
749 2239 843 2272 suorum
856 2222 992 2268 auctoritate
1003 2231 1096 2264 motus:

57 2307 100 2337 nno
116 2294 180 2339 Vua.
199 2309 245 2340 tec.
266 2308 377 2358 excepte,
392 2299 430 2342 cui
442 2296 502 2342 adde
514 2297 583 2343 Goth.
597 2309 662 2352 tert,
675 2299 700 2342 in
712 2296 798 2361 quibus
811 2303 874 2358 urpet
884 2294 1013 2355 reperitur,
1032 2289 1097 2353 quod

9 2389 11 2428 ξ
56 2377 106 2408 vett.
119 2365 173 2410 edd.
187 2379 299 2428 occupat,
311 2383 355 2414 nec
366 2369 502 2414 medusae.
515 2369 580 2424 XVl,
592 2368 657 2430 quod
673 2369 752 2414 Heius.
764 2367 873 2429 putabat,
891 2379 973 2411 verum
984 2365 1040 2408 Saec-
1054 2361 1096 2407 XV

9 2435 10 2470 3
56 2451 158 2498 quoque,
176 2450 203 2482 ut
215 2439 275 2483 Ven.
291 2437 362 2495 1484,
382 2438 452 2496 1486,
468 2439 538 2502 1495,
550 2440 654 2486 Norimb.
670 2438 727 2500 1492
741 2451 799 2494 etc,
819 2440 888 2484 etiam
900 2435 954 2482 edd.
965 2451 978 2480 e
990 2450 1036 2480 rec.
1048 2434 1096 2495 Eg-

56 2509 120 2562 natii‚
140 2521 163 2554 et
178 2511 288 2556 Juutinae
307 2522 351 2555 etc.
371 2511 460 2557 Laudat
471 2513 550 2557 Burro.
563 2527 606 2573 pro
617 2511 661 2557 hac
673 2509 773 2556 lectione
790 2525 860 2555 unam
874 2507 981 2553 Aldinam
992 2523 997 2551 :
1009 2505 1099 2552 scilicet

9 2591 10 2610 ³
56 2591 88 2636 pr.
98 2589 120 2622 et
128 2592 188 2634 θεας
203 2591 226 2623 at
235 2583 303 2625 tertia
314 2595 326 2625 e
336 2581 445 2643 Naugerii
456 2581 632 2637 emendatione,
645 2593 668 2627 et
678 2595 729 2644 quae
739 2596 767 2626 ex
777 2597 804 2626 ea
812 2578 914 2633 fluxere,
925 2577 987 2640 anqt't
997 2574 1097 2624 hebeno

9 2645 10 2648 ’
57 2646 116 2706 qnod
126 2649 212 2693 iterum
225 2648 315 2710 expulit
327 2649 355 2693 ll.
370 2646 508 2712 Stephanus.
518 2653 614 2696 Praestat
624 2649 688 2696 haud
699 2649 771 2695 dubie
782 2647 806 2693 h.
818 2646 834 2692 l.
846 2654 927 2710 urpct:
940 2657 1020 2707 eatque
1032 2642 1098 2688 locus

58 2717 152 2780 exempli
164 2720 323 2766 memorabilia
332 2723 394 2768 inter
406 2739 445 2779 ea,
453 2723 539 2787 quibus
547 2722 659 2770 librorum
671 2722 824 2784 optimorum,
834 2718 872 2766 vel
881 2719 985 2763 omnium
996 2728 1098 2760 consen-

25 2821 34 2828 .
57 2801 102 2843 tua,
114 2802 137 2835 et
149 2793 275 2837 auctoritas
287 2794 373 2840 criticis
384 2795 525 2852 rationibus,
535 2813 548 2841 a
558 2795 671 2841 sermonis
682 2795 833 2858 proprietate,
847 2803 870 2836 et
882 2789 996 2852 elegantia
1006 2785 1098 2848 petitis,

56 2860 212 2919 portlubenda
220 2875 262 2909 est.
271 2868 353 2910 arreins
360 2868 422 2929 eupit
430 2868 508 2929 inepta
520 2871 578 2914 esse't
586 2865 728 2912 allitteratio.
740 2891 772 2899 —
783 2880 820 2926 9⁰·
828 2873 895 2926 atque
908 2859 953 2906 lroec
963 2871 1009 2903 tres
1019 2857 1096 2898 Burm·

57 2954 85 2964 -
95 2945 131 2989 9¹·
143 2933 196 2976 Neu
213 2947 234 2977 e.
252 2935 331 2981 lleina.
343 2948 395 2996 post
406 2938 480 2994 Pice,
495 2936 610 2983 librorum
621 2951 743 2983 consensu.
756 2933 832 2989 Male}
851 2943 877 2976 et
887 2931 965 2977 verius
976 2924 1046 2985 vulgo
1057 2937 1100 2974 ²225

59 3001 103 3047 dno
113 3005 191 3048 Burm.
204 3021 245 3051 nec
251 3025 260 3060 ,·
271 3021 332 3053 unus
343 3023 395 3054 nort.

57 3153 147 3226 ΝΜ)
165 3179 247 3232 quam
260 3165 371 3218 candem
384 3186 444 3219 eum
456 3167 554 3240 Cybele
603 3185 653 3240 pro
665 3184 714 3230 eo,
728 3160 801 3234 quod
810 3157 933 3220 volebat,
945 3169 971 3205 te
984 3153 1104 3204 domito-

57 3255 108 3292 este
124 3241 286 3314 perhibent)
303 3245 412 3298 auxilio.
426 3249 460 3300 Αἵ
476 3250 553 3300 nimis
603 3265 668 3310 rem,
674 3253 807 3316 potentem
820 3236 939 3310 Olympi,
948 3251 1032 3306 reqem
1042 3231 1105 3284 deo*

58 3315 132 3390 l⁰nge
147 3323 260 3392 petitum
272 3323 340 3388 hoe,
358 3344 439 3396 quum
452 3327 504 3379 hac
520 3325 555 3378 de
604 3343 680 3389 rum,
693 3322 797 3386 dicere,
810 3321 856 3390 qui
866 3316 933 3368 adeo
944 3326 1034 3385 posset
1043 3330 1107 3383 pre-

57 3415 96 3461 re,
106 3417 160 3450 non
168 3405 270 3454 recenti
277 3405 349 3456 Jovis
358 3405 553 3474 dominatione,
603 3405 679 3457 cibus
695 3401 856 3454 satisfacere.
869 3426 904 3436 --
916 3395 949 3449 85
969 3412 1027 3466 sqq.
1045 3409 1102 3442 sus·

57 3476 192 3550 sed’l'rojoe
201 3495 285 3552 captae
293 3497 421 3557 tempore,
430 3501 491 3538 acta
499 3505 555 3537 ser·
602 3496 695 3556 peetus
705 3481 796 3541 locus;
808 3477 874 3530 silva
883 3489 909 3528 et
922 3473 996 3526 lucras
1008 3471 1102 3525 saltem

56 3575 98 3607 ³²⁰
109 3559 219 3622 ⁸5¹301⁸i
229 3560 338 3618 doctum
346 3583 377 3615 ac
385 3583 476 3617 verum
486 3563 555 3616 illud
602 3581 652 3634 per
671 3559 866 3634 appositionem
885 3553 957 3605 dicta
976 3564 1049 3623 pute.
1067 3579 1102 3588 -

56 3638 101 3687 sit:
121 3640 156 3688 cf.
169 3639 295 3710 Apollod.
309 3643 335 3708 l,
358 3659 388 3708 1,
407 3643 431 3695 3.
449 3645 556 3697 Paravit
605 3641 648 3692 86.
660 3641 687 3690 in
704 3634 780 3702 ame,
795 3638 822 3686 in
834 3635 932 3686 vertice
945 3631 1015 3692 ldae3
1034 3641 1103 3682 esset

58 3733 164 3787 quoque
177 3721 274 3771 iterum
291 3722 341 3774 sibi
354 3723 461 3796 Olympi
472 3725 558 3794 impe·
603 3716 631 3772 cl
642 3715 758 3786 Γάργαρον
770 3716 854 3785 e'eprr,
865 3713 939 3766 niad.
953 3713 970 3778 ξ
974 3750 982 3772 ,
999 3729 1058 3780 29²·
1071 3712 1103 3760 ln

55 3799 122 3848 rium
141 3799 230 3851 'l'errae
247 3820 330 3871 opera
347 3805 451 3875 Jupiter
466 3821 560 3874 pugna
604 3797 658 3850 hoc
670 3799 751 3869 igitur
767 3814 842 3848 sacro
859 3792 916 3846 fieri
932 3791 1010 3842 solita
1025 3787 1109 3841 Matri

56 3895 115 3926 eum
124 3879 265 3932 Titanibus
274 3883 359 3934 lacta:
371 3881 436 3934 ibid.
450 3882 475 3947 l,
489 3899 518 3949 a,
532 3899 552 3931 r.
606 3878 688 3930 ldaeae.
700 3878 735 3928 cf.
748 3875 782 3928 ad
794 3893 820 3928 v.
833 3876 879 3938 80,
890 3874 928 3924 uti
939 3872 999 3922 Jovi
1010 3869 1107 3921 eodem.

55 3953 148 4008 Dicam
168 3959 294 4030 equidem
312 3961 487 4032 simpliciter,
506 3955 560 4012 ad?
605 3948 1109 4021 inlocolliad.d‚48.-92.nevincan-

56 4035 162 4101 jectum·
175 4055 192 4090 a
210 4051 291 4111 poete
310 4041 408 4100 domito
427 4037 536 4118 Olympo
544 4077 557 4110 ‚
606 4048 666 4108 tur,
678 4035 814 4093 solvantur
828 4045 853 4089 et
865 4029 1076 4101 submergantur«.
