2724 4600
245 333 305 408 lio·
491 333 525 406 1³.
550 341 780 410 VlRGILll
803 347 1032 419 MARONIS

240 466 321 546 Quae
334 465 455 530 Clonus
468 466 642 556 Eurytides
655 467 759 534 multo
771 472 941 538 caelaverat
952 499 1049 557 auro;

208 596 210 600 ·
240 571 315 652 Quo
328 594 416 636 nunc
428 573 561 638 Turnus
575 589 649 637 ovat
661 574 768 661 spolio
779 577 966 667 gaudetque
977 583 1111 668 potitus.
1238 603 1279 648 saa

239 677 356 742 Nescia
369 700 461 742 mens
473 677 646 744 hominum
659 680 731 759 fati,
744 683 906 772 sortisque
918 686 1051 768 futurae,

240 781 281 844 Et
293 803 422 847 servare
434 783 585 863 modum,
599 784 698 852 rebus
710 786 836 854 sublata
847 791 1015 858 secundis!

239 885 356 950 Turno
369 904 498 977 tempus
512 891 586 969 erit,
600 915 719 980 magno
732 917 835 982 quum
847 899 1009 984 optaverit
1021 917 1147 966 emtum

242 993 407 1058 Intactum
421 995 579 1076 Pallanta,
594 1003 627 1061 et'
638 1021 742 1086 quum
753 1000 857 1088 spolie
869 1002 942 1083 ista,
957 1003 1112 1096 diemque

239 1097 371 1163 Oderit!
386 1103 427 1163 At
439 1101 519 1164 socii
531 1103 636 1168 multo
649 1106 773 1191 gemitu
784 1105 992 1198 lacrimisque
1237 1129 1277 1175 505

240 1203 426 1290 Inpositam
439 1221 532 1272 scuto
543 1209 693 1276 referunt
705 1209 848 1278 Pallanta
860 1213 1059 1303 frequentes.

239 1310 270 1374 θ
282 1310 391 1388 dolor,
404 1330 503 1403 atque
516 1309 617 1380 decus
630 1340 784 1406 magnum
798 1319 941 1387 rediture
954 1327 1096 1411 parenti!

239 1418 320 1482 Haec
331 1434 364 1482 te
376 1419 481 1506 prima
495 1419 565 1484 dies
577 1420 665 1485 bello
678 1414 783 1504 dedit,
796 1425 868 1492 haec
880 1427 996 1493 eadem
1007 1430 1130 1510 aufert,

238 1523 350 1604 Quum
362 1538 472 1594 tamen
485 1526 625 1613 ingentis
638 1531 835 1596 Rutulorum
848 1533 969 1623 linquis
980 1541 1129 1602 acervos!

267 1629 350 1712 ,Nec
358 1629 427 1722 jam
440 1627 526 1696 fama
537 1632 614 1696 mali
625 1634 720 1714 tanti,
735 1635 793 1701 sed
805 1639 925 1702 certior
936 1657 1051 1706 auctor
1238 1659 1278 1704 510

1353 1793 1354 1818 l

269 1819 323 1882 499.
342 1821 398 1880 Quoe
414 1821 484 1872 bonus
499 1825 611 1886 Eurytion
626 1829 680 1876 vett.
699 1821 768 1886 e'dd.,
784 1831 854 1878 etiarn
872 1829 942 1879 codd.
961 1847 1022 1896 pm.
1040 1835 1099 1890 Sed,
1119 1834 1186 1898 quod
1202 1835 1278 1881 lleint·

241 1901 264 1934 et
275 1903 328 1938 ante
341 1909 394 1938 euin
403 1893 541 1940 Commelin.
557 1913 569 1942 c
585 1895 657 1944 Palat.
673 1903 790 1962 reposuit,
804 1907 974 1964 praestantiores
986 1908 1036 1968 ejus
1048 1918 1071 1950 et
1083 1907 1145 1950 Pier.
1159 1905 1228 1952 codd.
1241 1904 1280 1952 ha·

240 1959 304 2006 heut
319 1962 422 2008 Monstra
437 1965 575 2028 corruptelae
584 1983 612 2014 ex
622 1968 673 2016 aliis
686 1969 752 2017 libris
766 1989 789 2020 v.
804 1989 841 2036 ap.
853 1975 946 2030 Burm.;
958 1974 1018 2020 adde
1035 1976 1112 2020 damus
1126 1975 1242 2034 Eurytion
1255 1988 1281 2018 ex

239 2029 309 2076 Goth.
318 2056 350 2082 -‚
359 2031 487 2095 tonsores
497 2035 551 2081 edd.
562 2037 639 2102 vulgg.
649 2039 751 2102 aliquot,
763 2042 805 2088 sed
814 2043 924 2107 cumfato
937 2048 1032 2091 omnino
1043 2060 1092 2090 sors
1105 2044 1189 2090 melius
1200 2045 1280 2105 jungi·

239 2113 285 2146 tur.
295 2128 327 2137 —
337 2104 389 2150 Soa.
400 2107 448 2150 Nec
460 2121 549 2153 servare
558 2125 589 2153 m.
597 2113 644 2157 Diu
653 2111 707 2158 hcsi
714 2115 740 2158 in
747 2113 792 2159 hoc
801 2115 861 2170 Nec,
872 2115 935 2178 quod
947 2131 1042 2176 prorsus
1049 2116 1224 2162 incommodum
1234 2128 1281 2159 esse

239 2172 355 2218 videbam.
370 2176 426 2220 Mor
439 2177 487 2223 ridi
501 2178 535 2223 nil
552 2196 600 2227 esse
615 2182 679 2228 aliud
696 2200 766 2246 quam
782 2187 863 2232 vitium
880 2187 933 2233 edd.
949 2189 1027 2232 Burin.
1042 2189 1100 2242 Nam
1115 2199 1208 2243 omnes,
1225 2199 1281 2248 quos

239 2239 328 2296 evolvi,
341 2247 421 2306 scripti
431 2258 454 2291 et
464 2247 521 2293 editi
531 2251 563 2295 Et
570 2266 589 2295 s.
602 2251 690 2298 habeut
699 2269 705 2298 ε
715 2256 795 2316 itaque
804 2259 891 2304 mutavi
903 2265 951 2302 non
963 2265 1105 2303 cunctanter.
1123 2256 1190 2305 rebus
1201 2255 1282 2301 assata

239 2325 258 2353 s.
266 2310 329 2370 apud
341 2311 416 2359 Lutat.
427 2315 457 2360 ad
468 2319 524 2362 Stat.
535 2319 556 2362 11
564 2320 638 2366 Theb.
652 2321 702 2368 188.
713 2323 802 2369 sublata
813 2339 889 2387 poetae
901 2339 934 2372 est
939 2361 947 2383 ,
956 2327 1021 2390 quod
1032 2325 1177 2388 elatavulgo.
1187 2351 1220 2363 -··
1229 2323 1280 2380 504·

239 2383 334 2442 spripsa
347 2383 434 2430 Medic.
447 2402 500 2431 am.
513 2404 549 2450 pr,
563 2403 586 2436 et
596 2391 661 2438 Leid.
671 2417 702 2428 -
712 2395 764 2439 505.
776 2398 812 2440 Aa
823 2396 921 2444 Dorvill.
936 2399 993 2460 Imp.
1006 2397 1076 2461 clipeo
1087 2397 1150 2460 apud
1163 2399 1227 2444 sm.
1239 2395 1280 2440 inf·

230 2448 292 2505 Δ841.
308 2451 413 2499 Pallanta
427 2467 544 2518 sequentes
555 2459 644 2506 zulich.
654 2487 685 2498 --
695 2465 747 2526 507.
756 2471 857 2527 parentis
869 2470 948 2525 llam„
961 2469 1002 2516 sed
1013 2468 1132 2530 vulgatum
1146 2467 1280 2530 elegantius

238 2539 270 2556 ¹—-
280 2522 332 2568 508.
343 2533 411 2588 atque
421 2525 498 2572 eadem
507 2546 543 2591 pr.
554 2531 636 2576 llamb.
646 2533 712 2596 aqfer
720 2537 880 2600 Rom—509.
894 2541 937 2586 cat
945 2550 960 2590 t.
971 2540 1037 2588 Leid-
1049 2539 1129 2606 lr'nqtnt
1136 2539 1203 2586 Leid.
1214 2538 1279 2584 aliut·

239 2613 270 2625 -·
280 2590 333 2637 510.
343 2594 385 2638 sed
392 2610 412 2640 a.
424 2594 489 2648 alter.
503 2613 549 2644 aec.
560 2600 641 2646 Hamb.
1219 2641 1222 2647 ·

240 2767 385 2838 exsculpsit
405 2769 502 2825 Statius
515 2773 599 2828 Theb.
616 2767 669 2843 IV,
689 2779 736 2834 132
782 2775 1279 2858 eliipassinn.Exempiahtbentcerda

229 2873 274 2900 .-
289 2846 345 2902 ¹35·
359 2879 394 2892 -
405 2844 465 2920 499.
476 2852 558 2919 Quod
567 2855 675 2913 artificis
689 2877 739 2913 no·
782 2876 808 2916 et
824 2867 928 2931 Burm.,
946 2868 1065 2936 inprimis
1082 2861 1213 2918 Martialis
1229 2860 1280 2924 XI,

210 2922 213 2938 “
238 2941 300 2976 men
318 2927 422 2997 adjicit,
443 2944 473 2984 ut
491 2945 585 3004 poeta,
604 2937 669 2991 facit
686 2941 737 2996 llo*
786 2943 818 3009 tl}
831 2945 945 2999 Romani
957 2944 1033 2996 decas
1048 2955 1073 2996 et
1088 2937 1277 2994 dolortlreatri.

238 3009 304 3058 meri
317 3027 423 3080 quoque
438 3014 571 3084 exemplos
587 3017 650 3070 artis
667 3021 738 3076 enim
782 3021 907 3094 Suprav,
916 3025 963 3094 49,
973 3023 1007 3080 50
1017 3041 1095 3095 quern
1103 3035 1280 3090 tempererare

239 3089 486 3154 praestantiaesidem
495 3091 736 3155 hereswit—501.
783 3096 1280 3174 bunsemparhonoratuutetc.—-5oq.

239 3164 304 3230 Qua
315 3165 373 3233 hic,
387 3171 466 3220 etiam
475 3188 514 3222 vs.
524 3171 573 3242 507
583 3203 618 3214 -·
628 3165 693 3246 509,
704 3177 737 3230 de
782 3183 859 3246 Hac,
871 3171 947 3246 dum,
962 3182 1062 3251 optimo
1080 3195 1187 3246 quoque
1201 3178 1279 3229 rebus

238 3259 287 3292 suo
301 3243 391 3313 adjicit
401 3260 495 3318 poeta,
506 3263 532 3302 et
540 3256 738 3326 egregiamsen·
781 3259 904 3313 humanis
930 3267 1041 3327 erepto,
1067 3254 1161 3324 vulgus
1186 3256 1279 3332 inutile

237 3323 348 3374 lentiam
367 3325 484 3393 habent,
505 3343 545 3398 et,
564 3332 628 3389 dum
647 3337 737 3389 futura
782 3351 915 3389 servatum
931 3335 1064 3399 videmus,
1078 3333 1151 3390 dicta
1167 3349 1232 3388 sunt
1246 3334 1278 3388 ad
1353 3391 1354 3400 ,

238 3401 384 3472 anticipat,
404 3408 520 3460 animum
538 3418 736 3484 exspectatione
780 3415 915 3486 vulgarem
921 3414 1059 3470 hominurn
1067 3430 1189 3468 wusumr
1200 3434 1277 3486 quem

236 3480 735 3561 futurorumagitantnid.inf.AEn.Xll,
780 3501 928 3562 temperant
941 3491 1002 3559 illa,
1014 3511 1072 3564 quae
1084 3511 1166 3562 supra
1175 3495 1278 3564 praemi·

237 3561 288 3628 940
301 3579 358 3634 sqq,
372 3567 440 3618 Hinc
452 3580 537 3639 pontae
549 3575 670 3626 certatim
682 3574 734 3626 hoc·
779 3577 864 3624 serat:
877 3571 928 3636 465
936 3572 994 3624 Stat
1003 3574 1154 3646 saturnique
1163 3575 1218 3626 dies
1227 3585 1274 3626 etc.

178 3673 179 3677 ,
238 3639 348 3694 artifieio
359 3646 400 3696 usi
409 3651 586 3704 suun-503.
601 3665 631 3704 ut
641 3653 686 3704 lib,
698 3656 734 3719 11,
779 3651 1276 3720 ltapoetaeassuefaciuntanimosnon
1353 3679 1354 3682 ¹

240 3719 288 3785 104
294 3729 649 3793 magnomareenturAtridae.
657 3730 734 3784 Com·
763 3775 766 3782 ,
779 3741 848 3794 tros,
859 3744 917 3800 qnae
927 3732 954 3782 in
966 3745 1106 3802 utramque
1114 3742 1219 3802 partem
1227 3731 1276 3782 dis*

235 3799 372 3868 parandus
390 3803 424 3854 ad
441 3825 497 3858 rem
509 3805 601 3859 similis
619 3808 653 3860 de
669 3811 735 3862 Hec·
778 3811 868 3879 putari
880 3813 996 3881 possint,
1008 3810 1098 3886 videre
1108 3823 1135 3862 et
1142 3823 1273 3880 reputare

237 3884 294 3930 tore
306 3880 420 3934 Patrocli
437 3885 530 3954 spoliis
548 3900 644 3938 ovante
660 3885 734 3941 loeus
779 3901 805 3938 et
814 3888 943 3943 hacteuus
953 3902 1014 3941 sunt
1028 3890 1163 3960 sapientia
1177 3891 1274 3961 magis*

235 3949 310 4010 lliad.
324 3979 335 4026 p
343 3997 353 4024 ,
370 3960 417 4030 193
432 3991 467 4000 -
482 3981 529 4014 201
545 3983 584 4036 sq.
597 3995 632 4026 ,-
643 3965 736 4034 507.0
779 3970 828 4033 tri,
838 3982 1016 4040 preceptores
1026 3968 1135 4023 humani
1145 3971 1256 4038 generis.

234 4033 657 4112 doloratqnedecusasumserunt
670 4045 733 4099 hinc
816 4047 875 4102 510.
886 4048 1023 4122 Pugnabat
1034 4050 1129 4103 AEnees
1145 4049 1173 4100 in
1191 4047 1273 4100 altera
1353 4081 1354 4092 η
