2736 4598
345 317 579 390 uuerue's
603 313 756 392 uinea
778 330 841 393 xr.
1051 332 1115 418 249

69 447 177 512 Unam
190 470 230 512 ex
242 443 424 534 virginibus
437 450 533 514 sociis
546 471 702 540 sacraque
715 469 857 532 caterva,

69 552 299 641 Conpellabat,
314 569 347 616 et
359 553 418 617 has
430 555 530 618 tristis
543 557 679 619 Latonia
694 581 791 622 voees

68 659 134 724 Ore
149 657 267 722 dabat:
284 687 297 716 a
310 657 457 745 graditur
468 659 593 724 bellurn
605 661 646 725 nd
659 661 793 727 crudele
806 665 954 744 Camilla,
1069 673 1113 725 535

68 765 218 852 Ovium,
234 781 266 828 et
279 766 398 830 nostris
411 765 636 856 nequidquam
650 769 792 856 cingitur
802 773 915 849 armis,
990 777 993 780 ’

69 872 150 936 Cara
162 870 245 934 mihi
257 889 332 936 ante
345 871 442 936 alias:
457 895 566 962 neque
579 875 668 938 euim
679 897 785 939 novus
797 876 858 940 iste
871 877 983 948 Dianae

68 978 169 1040 Venit
179 1000 287 1056 amor,
301 977 475 1066 subitaque
488 979 635 1042 animum
648 977 824 1044 dulcedine
836 982 948 1045 movit.
1037 1013 1041 1018 v
1111 1038 1113 1046 ,

68 1085 186 1147 Pulsus
200 1083 243 1146 ob
256 1081 413 1146 invidiam
426 1107 543 1171 regno,
557 1086 709 1174 viresque
722 1085 899 1173 superbas,
967 1139 983 1150 ..

69 1190 229 1252 Priverno
241 1186 375 1278 antiqua
387 1189 539 1255 Metabus
553 1215 656 1279 quum
670 1190 843 1256 excederet
854 1191 950 1269 urhe,
1071 1205 1114 1263 tto

68 1357 139 1419 Opem
148 1355 207 1402 alter
218 1357 300 1402 llamb.
311 1357 370 1420 Opin
379 1358 442 1420 apud
453 1359 557 1406 Maerob.
567 1361 596 1414 V,
608 1375 644 1404 aa.
654 1385 686 1395 -
695 1359 749 1406 533.
761 1363 832 1406 saeris
839 1363 942 1424 sectuque
951 1375 972 1405 c.
980 1361 1046 1405 Rom.
1056 1364 1116 1406 secia

68 1433 185 1493 sacrisque
199 1429 289 1490 Hugen.
307 1433 372 1474 sociis
390 1432 494 1493 sociisque
508 1431 576 1477 Geth.
593 1447 678 1477 see-
689 1429 740 1487 534.
759 1435 818 1477 tristi
834 1432 913 1478 Heius.
926 1449 939 1478 e
951 1433 1016 1476 llum.
1032 1443 1054 1477 et
1066 1431 1117 1478 aliis

67 1502 128 1547 Pier.
142 1501 244 1564 (quihus
259 1501 319 1547 adde
338 1501 407 1547 Goth.
426 1519 462 1564 pr.
483 1516 506 1549 et
523 1519 568 1549 sec.
579 1504 598 1564 ),
612 1519 655 1566 pro
671 1504 782 1566 vulgato:
802 1507 887 1560 tristes,
900 1502 937 1550 vel
949 1506 1042 1558 tristet's,
1055 1506 1117 1549 utin

68 1571 137 1616 Aldd.
151 1583 174 1617 et
187 1570 216 1616 al.
227 1573 256 1616 At
267 1574 334 1616 trt'str's
346 1573 433 1619 Medic.
442 1585 465 1619 et
474 1574 577 1619 Macrob.
588 1575 617 1630 V,
632 1589 722 1618 ancum
734 1576 838 1629 Donato,
849 1573 913 1636 quod
926 1586 948 1619 et
959 1576 1035 1635 ipsum
1045 1575 1118 1619 Hein-

68 1645 115 1688 sius
131 1641 261 1704 praetulisse
279 1643 393 1699 videtur,
405 1656 428 1690 et
448 1660 511 1690 nunc
523 1661 658 1690 revocamus
674 1661 726 1690 cum
742 1646 867 1691 Bruncliio.
883 1645 1001 1691 iudicium
1014 1657 1118 1691 nostrum

68 1725 123 1774 puta
133 1729 161 1758 eo
168 1715 225 1769 niti,
235 1714 300 1777 quod
311 1718 380 1761 tristIs
388 1731 453 1761 voces
462 1715 515 1777 plus
523 1719 640 1778 gravitatis
651 1719 722 1778 epicae
729 1715 812 1773 habet;
821 1717 920 1763 alterum
929 1719 988 1762 tristi
994 1731 1031 1762 ere
1039 1715 1117 1763 Ovidii

67 1783 183 1846 elegantia
196 1785 299 1848 dignum.
312 1786 406 1833 Latosda
417 1787 476 1833 alter
487 1788 582 1843 Hamb.,
600 1803 643 1850 pro
661 1789 742 1833 Letoia
757 1799 823 1850 putat
839 1789 918 1834 Heius.
937 1787 975 1834 vel
990 1789 1074 1832 Letom.
1085 1811 1118 1822 ·-
1165 1801 1167 1808 ⁴

68 1855 120 1900 535.
134 1855 168 1900 ad
178 1855 242 1902 abest
254 1857 312 1903 Ven.
326 1884 357 1894 -
369 1857 422 1920 537.
435 1859 484 1902 Nee
496 1856 543 1903 alii.
556 1873 615 1903 emm
626 1858 691 1904 abest
706 1857 768 1903 hints
783 1859 861 1903 Burm.
876 1870 899 1903 et
912 1859 953 1902 uni
964 1854 1034 1902 Goth.
1047 1867 1117 1902 novus

67 1924 149 1970 deerat
159 1925 259 1972 Dorvill.
270 1951 300 1961 -
313 1925 365 1972 538.
379 1926 496 1990 subitoque
507 1943 519 1971 a
532 1944 563 1972 m.
576 1945 613 1990 pr.
626 1928 726 1983 Medic,
738 1934 868 1989 perperam¹
879 1927 927 1972 rid.
937 1926 1015 1971 Heius.
1029 1925 1058 1971 ad
1069 1926 1101 1969 lll
1109 1957 1124 1980 ,.

69 1997 123 2040 225.
135 1995 249 2060 subitique
261 1997 374 2043 Montalb.
385 1999 413 2042 At
426 2013 523 2061 proque
534 1997 614 2044 malim
625 2015 669 2044 ve:
681 1997 796 2052 subitam,
804 2013 848 2042 nec
858 2010 1003 2042 novusamor
1015 2009 1060 2050 est,
1073 2011 1117 2042 nee

68 2066 167 2112 subitus.
178 2089 208 2102 -
219 2065 271 2123 540.
282 2068 416 2114 Privernum
426 2071 490 2116 Serv.
508 2068 538 2114 ad
553 2070 619 2126 VIII,
632 2069 685 2117 803.
699 2070 732 2113 lta
744 2080 767 2114 et
778 2067 856 2113 urbem
865 2066 1004 2130 legendum,
1014 2065 1079 2129 quod
1093 2067 1117 2109 in

71 2198 126 2269 pha
137 2200 205 2271 Opis
217 2215 363 2254 memorata
375 2194 428 2266 est,
442 2201 573 2254 eteoclem
617 2201 644 2253 h.
660 2199 791 2270 1.-539,
806 2199 873 2250 vires·
882 2199 1004 2270 superbas
1011 2236 1019 2263 ,
1031 2195 1060 2248 h.
1076 2199 1117 2248 ni-

73 2281 144 2332 forte
165 2293 289 2351 respectu
309 2283 357 2334 inf.
377 2281 428 2334 858
448 2282 574 2334 Threissa
618 2283 684 2332 mias
698 2297 777 2351 opes,
790 2278 938 2350 potentiam
950 2276 1067 2329 libertati
1080 2279 1119 2329 ci-

71 2358 233 2432 appellatur.
246 2361 325 2412 Juvat
338 2372 426 2412 autem
441 2360 509 2412 illud
524 2380 574 2412 no·
618 2363 690 2410 vium
700 2359 823 2410 infestam
832 2379 838 2419 ;
847 2355 918 2408 unsle
929 2355 991 2408 odia
1003 2357 1030 2407 in
1042 2375 1115 2408 eum:

69 2452 143 2505 tare,
159 2441 274 2492 Dianam
290 2439 318 2492 h.
333 2440 351 2490 l.
369 2458 430 2490 cum
443 2439 572 2512 Nymphis
617 2439 713 2492 Pulsus
723 2440 755 2490 ob
766 2437 903 2489 invidiam.
914 2435 947 2486 At
961 2435 1066 2488 Servius
1077 2435 1117 2488 vi-

68 2521 139 2585 suis,
150 2520 248 2590 quibus
261 2520 332 2571 silvae
344 2519 430 2571 solent
441 2539 491 2591 pro
503 2521 573 2573 sedi·
619 2540 655 2574 res
671 2522 791 2592 superbas
798 2557 807 2584 ,
821 2518 917 2590 quihus
935 2517 1048 2588 superbe
1061 2531 1117 2570 ute-

67 2599 118 2651 hus
132 2601 276 2671 assignari,
293 2600 320 2651 in
336 2598 450 2670 Olympo
463 2599 572 2658 sedere,
617 2601 918 2669 batur,interpretatur.
929 2599 999 2647 Usus
1010 2595 1117 2666 quidem

72 2679 143 2731 unde
153 2696 207 2732 vse.
219 2678 279 2748 595.
293 2680 344 2748 596
353 2679 419 2749 Opis
428 2679 535 2731 devolat
544 2681 572 2730 in
617 2693 759 2749 utrumque
772 2679 904 2732 admittit;
923 2677 973 2726 nisi
991 2675 1064 2745 quod
1078 2677 1117 2726 al-

72 2770 180 2810 terram.
190 2787 224 2795 -
233 2756 292 2810 536.
306 2757 397 2808 nostrIs
409 2758 504 2822 armis,
517 2760 573 2828 qui·
617 2772 703 2810 terum
719 2759 874 2827 exquisitius
893 2767 940 2806 est.
954 2757 1023 2805 Nam
1036 2771 1117 2822 quum

71 2837 122 2888 hus
141 2835 255 2890 Camilla
272 2837 300 2888 in
318 2853 419 2888 morem
437 2838 528 2888 Dianae
545 2850 572 2889 et
616 2836 736 2908 superbia
747 2838 781 2887 sit
791 2836 871 2887 animi
882 2834 1017 2886 efferentis
1031 2849 1058 2882 se
1071 2834 1116 2898 iis,

71 2917 257 2990 Nympharum
267 2918 350 2968 utitur
362 2918 396 2968 cf.
415 2919 463 2968 inf.
476 2917 535 2983 844
570 2941 571 2945 ¹
617 2916 713 2987 quibus
741 2916 855 2965 eminere
879 2931 906 2963 se
934 2921 1011 2982 putat
1038 2909 1117 2975 aliis,

105 2999 172 3064 Quae
180 2997 425 3067 sequiturnarratio
434 2996 467 3048 de
475 2996 572 3048 Camil·
616 2996 774 3046 transfertur
787 2992 910 3063 superbas
925 2988 1004 3039 modo
1025 2987 1060 3039 ed
1078 2989 1118 3039 ef·

73 3079 100 3130 la
116 3091 143 3130 et
159 3091 236 3150 patre
251 3078 375 3146 Metabo,
392 3079 573 3129 Privernatum
616 3076 720 3138 fectus,
739 3071 820 3122 modo
841 3070 876 3122 ad
899 3085 1025 3132 caussas,
1044 3065 1115 3119 unde

72 3171 202 3230 tyranno,
219 3175 251 3210 ex
264 3161 379 3229 antiquis
391 3158 518 3210 Italorum
529 3158 572 3208 fa·
617 3155 676 3229 quis
688 3152 824 3224 superbit;
838 3162 878 3202 est
889 3151 979 3216 itaque
992 3159 1115 3213 ornatus,

69 3238 151 3302 bulis,
161 3255 208 3291 seu
216 3238 356 3291 annalibus
364 3241 457 3309 petita,
465 3250 492 3290 et
501 3255 573 3308 egre·
616 3233 786 3306 splendidus,
799 3232 889 3294 dives,
902 3241 1005 3301 potens.
1016 3229 1058 3282 lte
1068 3229 1116 3280 bo-

70 3319 113 3388 gie
127 3301 581 3388 tulepicampoesinaccommoda·¹
617 3332 691 3367 nores
712 3312 824 3382 superbi.
852 3308 1005 3380 conjupium
1030 3326 1118 3380 super-

73 3410 116 3464 ta,
137 3415 219 3466 quum
233 3417 264 3449 ea
280 3393 307 3449 ri
321 3397 446 3465 reperitis
457 3396 572 3461 habeat,
618 3396 679 3446 bum
686 3431 696 3458 ,
715 3393 771 3442 AEn.
789 3393 840 3457 ΙΙΙ,
856 3389 915 3460 475.
928 3386 1012 3440 flium
1025 3407 1117 3459 super-

73 3475 138 3527 dum
155 3477 214 3526 saevi
228 3479 330 3548 tyranni
349 3477 481 3542 animum,
499 3474 573 3546 quod
618 3475 695 3539 bum,
711 3468 765 3538 lll,
785 3489 809 3524 a.
828 3479 924 3522 ostrum
934 3469 1094 3539 superbuml
1102 3506 1111 3533 ,

68 3553 146 3608 haud
174 3569 360 3624 exspectares,
389 3555 448 3606 filiae
474 3571 571 3626 magno
616 3553 668 3623 639
678 3554 724 3605 ubi
737 3553 771 3604 cf.
787 3563 843 3601 not.
855 3549 896 3599 Ab
909 3549 1012 3600 effectis
1025 3560 1114 3600 autem

71 3653 163 3688 amore
171 3646 322 3687 contactum
331 3634 437 3686 exhibet
444 3633 527 3702 (conf.
537 3632 573 3684 ud
617 3633 702 3686 ductae
714 3644 775 3684 sunt
786 3632 927 3695 notiones,
941 3642 969 3678 ut
983 3628 1114 3698 superbus

70 3718 129 3768 AEn.
140 3716 180 3776 X,
194 3715 246 3784 789
258 3715 290 3766 de
303 3715 467 3778 Mezentio);
480 3732 572 3783 repre·
617 3715 650 3764 sit
662 3713 760 3778 durus,
775 3725 872 3774 saevus,
885 3721 915 3760 ut
926 3709 1001 3774 VIII,
1015 3708 1063 3773 481
1077 3727 1118 3760 su-

69 3795 228 3848 hensionem
240 3807 330 3845 tamen
342 3793 458 3845 admittit
467 3795 494 3842 ln
506 3791 572 3859 hoc,
615 3794 693 3865 perbo
708 3791 816 3863 imperio
829 3800 856 3842 et
870 3788 942 3842 sevis
957 3787 1045 3840 armb.
1064 3801 1119 3838 tum

70 3873 144 3945 quod
155 3874 203 3925 illa
216 3874 331 3924 sermoni
343 3871 435 3923 Dianae
446 3869 573 3922 mandata
617 3872 742 3937 rebellis,
758 3871 804 3941 qui
813 3872 906 3941 jugum
924 3869 994 3920 ferre
1011 3868 1121 3937 nequit,

71 3956 160 4008 dantis
171 3953 207 4006 ad
218 3954 291 4024 Opin
305 3955 405 4004 inserta
416 3964 518 4004 estnon
531 3971 574 4004 sa·
596 3995 601 4000 .
617 3954 692 4004 ferox
702 3949 833 4002 libertatis
842 3948 945 4013 studio,
957 3960 987 3998 ut
996 3945 1029 3998 de
1039 3947 1119 3996 Bruto

68 4039 102 4094 tis
116 4033 267 4089 commode.
283 4033 343 4086 Alia
355 4053 379 4087 v.
389 4034 417 4086 in
428 4032 490 4086 Exc.
502 4033 527 4086 ll
539 4031 574 4086 ad
617 4031 741 4098 vidimus,
748 4031 805 4082 AEn.
816 4028 929 4094 tutis.
938 4039 1066 4094 amantes,
1074 4026 1120 4095 qui
