2736 4598
234 270 304 350 ‘240
485 265 523 328 r.
547 261 778 328 vincum
802 261 1034 329 Minonis

236 392 308 454 Nec
321 391 465 454 Drances
477 389 600 475 potius,
615 387 683 451 sive
697 402 746 450 est
758 384 828 448 haec
841 387 888 448 ira
900 384 1054 464 deorum,

239 496 349 558 Morte
361 494 443 572 luat;
456 493 524 558 sive
537 509 586 556 est
598 493 702 555 virtus
715 507 748 554 et
760 490 876 578 gloria,
890 489 1016 554 tollat.»

278 600 419 664 .lllihaec
431 599 517 662 inter
529 621 564 662 se
577 596 687 661 dubiis
700 594 742 660 de
755 595 854 660 rebus
867 596 1007 683 agebant
1252 603 1294 662 445

233 713 425 789 ·Certantes;
438 725 541 773 castra
554 709 670 771 AEneas
683 707 856 794 aciemque
869 703 1034 770 movebat.

240 817 383 882 Nuntius
396 815 521 902 ingenti
533 836 594 900 per
605 813 694 898 regia
706 826 791 876 tecta
803 811 950 875 tumultu

242 925 327 987 Ecce
340 907 419 998 ruit,
433 919 628 1007 magnisque
640 917 758 981 urbem
770 915 952 980 terroribus
964 914 1086 1002 inplet:

241 1030 423 1092 instructos
435 1025 505 1090 acie
517 1024 677 1088 Tiberino
689 1046 707 1087 a
719 1022 856 1086 flumine
869 1023 1016 1086 Teucros
1081 1095 1083 1100 .

242 1131 516 1221 Tyrrhenamque
528 1151 664 1192 manum
676 1128 753 1192 totis
767 1125 969 1191 descendere
981 1123 1115 1214 campis.
1248 1135 1292 1192 lto

242 1237 416 1325 Extemplo
428 1235 551 1299 turbati
562 1235 677 1313 animi,
691 1255 916 1321 concussaque
928 1231 1016 1319 volgi

242 1346 394 1421 Pectora,
409 1357 441 1405 et
453 1339 594 1406 adrectae
606 1339 746 1404 stimulis
759 1337 848 1444 haud
861 1337 1016 1402 mollibus
1028 1337 1094 1401 irae.

242 1501 359 1546 rathum
370 1500 552 1560 interrogatione
570 1499 611 1542 Ge.
632 1497 721 1542 Fabric.
733 1512 777 1542 nec
787 1495 855 1542 male.
872 1498 904 1542 Ut
919 1511 982 1542 nunc
998 1508 1044 1553 est,
1062 1493 1145 1558 supple
1166 1496 1292 1550 Deuoui,si

242 1570 329 1614 AEneus
340 1577 412 1614 vocat.
424 1577 475 1614 orat
485 1569 577 1630 Hagen.
590 1581 655 1614 omen
668 1581 714 1612 sec.
725 1566 834 1612 llottend.
841 1591 872 1602 -
879 1564 933 1622 443.
943 1569 989 1611 sive
998 1564 1044 1612 lucc
1051 1575 1085 1610 est
1093 1567 1177 1610 Franc.
1190 1576 1215 1609 et
1224 1563 1291 1609 Goth.

243 1653 298 1686 tert.
310 1657 367 1686 curo
376 1641 398 1686 d.
411 1640 525 1686 Montalb.
538 1666 569 1676 -
580 1639 634 1696 445.
648 1637 694 1684 Olli
703 1643 761 1683 inter
770 1653 818 1684 sese
826 1639 849 1683 d.
862 1638 904 1684 Ed.
917 1655 953 1700 pr.
965 1641 1043 1684 Burm.
1053 1641 1121 1683 variis
1132 1637 1242 1683 Parrhas.
1252 1637 1292 1682 du·
1344 1691 1345 1698 4

244 1709 286 1756 biis
297 1711 352 1756 dum
363 1710 429 1757 rebus
442 1715 504 1774 conj.
516 1713 594 1757 Burm.
606 1737 637 1746 -
648 1709 701 1766 446.
714 1711 805 1773 acieque
823 1711 883 1755 Ven.
896 1709 1013 1755 movebant
1027 1707 1238 1755 Dorvill.'voccbut
1251 1723 1291 1770 pro
1344 1701 1345 1778 4

244 1797 293 1828 var.
306 1781 360 1828 lect.
373 1782 471 1828 Oudart.
483 1808 514 1818 -
525 1782 578 1844 447.
587 1797 628 1845 per
639 1798 658 1827 r.
670 1790 745 1829 castre
755 1795 802 1826 sec.
814 1780 899 1826 Moret.
912 1805 945 1816 -
955 1779 1007 1837 448.
1017 1794 1061 1842 que
1073 1779 1138 1825 abest
1149 1778 1260 1840 Oblongo
1271 1789 1292 1821 et

243 1851 350 1897 Perrhae.
362 1849 446 1914 inplent
455 1854 545 1915 llugen.
555 1877 586 1889 -
595 1851 648 1912 449.
660 1855 731 1897 aciem
740 1853 819 1906 Voss,
830 1863 857 1896 ut
866 1854 985 1896 insuucun
996 1853 1066 1896 ocrem
1077 1851 1198 1910 graecismo
1208 1849 1291 1894 dictum
1344 1849 1345 1910 4

245 1923 285 1966 sit.
298 1938 313 1966 o
324 1922 389 1968 abest
400 1922 487 1967 Medic.
500 1939 555 1968 a'm.
567 1937 606 1984 pr:
616 1948 648 1958 —
656 1921 710 1979 450.
720 1921 825 1966 decedere
836 1921 927 1982 Hagen.
938 1945 970 1956 -
981 1920 1034 1976 451.
1048 1919 1132 1964 turbati
1142 1921 1220 1964 animo
1231 1919 1291 1962 Rom.
1344 1915 1345 1922 ’

240 1990 384 2054 confusaque
395 1991 500 2037 Perrhae.
514 2018 546 2028 -
557 1992 611 2048 451.
624 2009 669 2039 non
677 2008 736 2056 pro,
749 1990 810 2036 houd
820 1991 895 2052 Bigot.
908 2003 932 2036 et
942 1989 1011 2036 Goth.
1029 2001 1081 2036 tert.
1098 2004 1167 2034 aures
1179 1987 1289 2034 Montalb.
1344 2031 1345 2046 4

244 2142 329 2194 remp.
341 2152 375 2162 -
385 2124 445 2189 443.
459 2124 519 2191 444.
529 2124 668 2177 Sententiae
677 2126 748 2176 forte
793 2126 890 2195 partim
903 2124 1126 2176 deliberationum
1139 2134 1166 2173 et
1178 2123 1290 2173 incerto·

245 2204 324 2252 nimis
342 2214 425 2252 acutae
445 2203 479 2252 ad
497 2215 617 2255 nostrum
632 2223 745 2256 sensum.
793 2219 852 2254 rum
869 2203 1105 2272 fluctuantiumque
1121 2198 1290 2251 consiliorum

245 2281 270 2330 [Γ
271 2299 311 2332 res
320 2279 411 2330 'habet
427 2279 531 2332 Servius
549 2285 748 2354 interpretatio·
793 2284 891 2333 exitum
900 2283 1027 2332 facitnon
1034 2280 1175 2352 praevisum
1184 2279 1290 2349 ;parti1n

228 2377 304 2423 nes,
313 2377 425 2429 quarum
437 2361 511 2412 nulla
521 2364 585 2413 satis
596 2363 746 2432 commoda,
791 2357 916 2412 instruxit
929 2372 955 2412 et
973 2359 1133 2430 preparavit
1150 2358 1216 2409 inde
1235 2377 1250 2408 a
1267 2376 1288 2405 v.
1344 2371 1345 2380 ¹

246 2441 297 2489 etsi
316 2437 351 2490 ad
368 2457 459 2490 veram
478 2441 677 2510 quodammodo
697 2443 746 2494 du·
791 2441 842 2507 434
855 2458 910 2510 seq.
927 2458 1045 2510 pugnam
1059 2441 1129 2490 inter
1140 2440 1252 2490 AEneam
1268 2450 1291 2490 et

247 2536 308 2570 cere
328 2531 451 2589 possunt.
476 2520 552 2572 Solus
579 2540 640 2572 cum
663 2524 746 2576 AEnea
791 2521 919 2585 Turnum,
930 2522 957 2570 in
968 2519 1192 2588 quanarretionis
1202 2532 1229 2569 et
1239 2537 1291 2570 car·

244 2596 304 2648 uult
314 2597 441 2668 congredi
449 2598 569 2664 Turnus,
583 2603 663 2653 etiam
673 2601 747 2654 eade
793 2603 871 2651 minis
881 2599 935 2652 tele
947 2601 1011 2650 olim
1023 2602 1072 2650 erit
1082 2598 1242 2650 deterrenda.
1253 2599 1291 2649 At
1344 2601 1345 2604 ’

247 2693 358 2742 caussa,
370 2696 404 2728 ne
417 2696 477 2728 cum
489 2678 594 2730 Drance
605 2681 748 2750 quiequam
793 2679 844 2745 445
862 2692 888 2730 et
900 2678 952 2744 446
969 2680 1120 2748 comparari
1135 2677 1224 2728 solent
1242 2697 1291 2730 vss.

246 2758 303 2807 sive
311 2755 443 2821 secundae,
451 2756 749 2810 siveadversaereicom·
793 2760 853 2824 304.
874 2757 934 2811 305.
950 2757 1024 2810 Iliad.
1043 2779 1067 2808 e.
1085 2757 1185 2809 Saltem
1204 2758 1290 2828 aliqua

246 2836 380 2900 municet‚
393 2848 476 2905 utque
488 2839 510 2887 is
522 2849 548 2888 et
559 2837 747 2904 acalamitate,
794 2858 825 2890 ex
836 2852 912 2910 parte
926 2841 1098 2890 convenirent
1109 2839 1141 2902 β,
1157 2839 1217 2906 786.
1237 2858 1287 2909 seq.

247 2927 274 2966 et
291 2934 306 2967 a
321 2915 448 2967 felicitate
465 2933 602 2968 successus
621 2917 698 2968 absit.
716 2917 749 2967 Et
794 2919 843 2987 807
855 2935 909 2988 seq.
921 2920 1028 2968 Praestat
1037 2935 1160 2980 monere,
1171 2930 1201 2967 ut
1211 2929 1290 2969 artem

247 3005 321 3046 vocet
329 2996 424 3046 AEneas
435 3034 443 3061 ,
456 3007 485 3045 ut
500 3013 548 3066 ego
562 2993 633 3046 solus
644 3013 704 3045 cum
715 3015 747 3046 eo
791 3009 877 3067 poetae
890 2997 1012 3048 observet
1024 2997 1108 3048 lector
1120 2997 1147 3044 in
1160 2999 1289 3048 narratio·

248 3093 405 3147 congressus
417 3074 450 3126 de
461 3093 564 3126 summa
575 3074 640 3126 belli
650 3076 747 3126 transi*
792 3077 834 3126 nis
848 3075 941 3127 ordine
958 3074 1087 3146 evulgari
1099 3087 1192 3126 tenore
1205 3095 1237 3126 ac
1251 3095 1290 3146 pe·

248 3172 326 3222 gam:
347 3155 403 3204 Nec
423 3155 537 3206 Drances
558 3153 647 3225 potius
666 3165 748 3204 morte
793 3154 875 3206 destri
892 3174 980 3220 rerum
998 3152 1192 3206 narrandarum
1208 3167 1289 3206 struc-

249 3231 308 3282 luat
316 3252 380 3297 sua,
393 3235 499 3286 occidat
510 3237 645 3286 communi
655 3234 748 3302 clade,
794 3246 855 3286 tura
861 3247 982 3287 avocato.
990 3235 1056 3284 Nam
1063 3233 1288 3298 secundumhanc‚

248 3311 271 3360 si
287 3309 340 3361 lioec
354 3311 393 3361 ira
408 3312 515 3363 deorum
532 3325 569 3366 est
584 3313 629 3384 (h.
641 3315 750 3365 sieven·
794 3309 836 3364 res
856 3317 893 3366 sic
911 3326 968 3366 erat
990 3311 1166 3384 exponenda:
1185 3315 1289 3366 AEneam

248 3402 290 3444 tus
302 3391 350 3440 erit
359 3391 423 3440 belli
433 3391 512 3464 hujus
523 3394 680 3463 infaustus),
691 3412 749 3458 nec,
795 3395 898 3445 interea
916 3394 1009 3445 castris
1030 3394 1108 3442 motis
1126 3391 1228 3462 duplici
1247 3413 1288 3464 ag-

247 3468 300 3518 sive
321 3477 357 3518 est
379 3469 460 3521 virtus
480 3483 507 3521 et
524 3471 629 3544 plort'a,
656 3473 678 3522 si
698 3471 750 3522 hoc
795 3475 865 3525 mine
878 3473 1003 3526 adversus
1020 3473 1114 3524 urbem
1132 3474 1289 3526 Laurentum

247 3545 435 3598 bellolaudem
447 3551 551 3601 virtutis
564 3547 649 3621 (cuiue)
662 3550 751 3622 etglo·
795 3555 955 3616 incessisse;
985 3553 1102 3624 pedestri
1134 3571 1184 3622 per
1214 3554 1288 3605 saltus

249 3627 317 3676 riam
332 3623 431 3694 (117411,
447 3631 604 3702 victoriam)
623 3633 751 3701 consequi
795 3634 941 3700 montium,
957 3633 1074 3704 equestri
1092 3649 1142 3700 per
1158 3633 1289 3702 planitiem

250 3705 373 3769 dabitur,
390 3705 467 3757 tollat
484 3710 624 3776 camille,
645 3713 750 3764 auferat
775 3709 971 3784 'camporum5
999 3713 1115 3764 nuntiari
1143 3711 1288 3765 adventum.

248 3782 437 3835 hanclaudem
449 3806 498 3856 pro
511 3808 559 3840 sua
570 3802 646 3860 parte
658 3789 749 3858 (utei-
795 3793 877 3843 Poeta
896 3810 960 3842 vero
980 3791 1084 3862 singula
1100 3791 1212 3861 singulis
1229 3793 1288 3842 locis

248 3863 333 3933 μεθῶ
349 3863 440 3932 ’ullul-
793 3870 932 3923 commode
949 3869 1063 3924 dicenda
1084 3872 1211 3922 servavit.
1226 3871 1287 3923 Vide

282 3941 350 3995 Cum
360 3940 476 3995 sollertia
488 3958 514 3998 et
527 3965 587 3998 cum
600 3959 658 4000 arte
665 3959 748 4020 poete
791 3951 839 4002 inf.
850 3969 875 4003 v.
887 3949 934 4004 511
948 3969 1007 4022 sqq.
1019 3949 1080 4003 522.
1091 3979 1127 3988 -
1138 3949 1199 4015 451.
1212 3962 1236 4004 et
1247 3951 1287 4002 ad·
