2724 4600
254 277 313 357 140
494 273 528 337 P.
552 273 783 337 vinemu
806 271 1038 340 Minonis

246 393 513 485 Semianimesque
525 398 646 460 micant
658 394 765 483 digiti,
779 397 1173 485 ferrumqueretractant.

246 503 387 568 Arcadas
398 503 558 568 adcensos
570 503 712 580 monitu,
727 517 759 566 et
771 503 925 588 praeclara
937 519 1066 569 tuentes

246 610 343 672 Facta
354 610 429 688 viri,
443 610 562 673 mixtus
574 608 670 672 dolor
682 625 714 672 et
726 606 836 695 pudor
845 625 949 671 armat
962 609 996 672 in
1007 608 1131 674 hostes.

246 715 334 779 Tum
347 716 449 781 Pallas
460 716 580 806 bijugis
592 715 773 803 fugientem
789 714 926 780 Rhoetea
940 713 1059 803 praeter

246 820 382 909 Trajicit
394 846 400 884 ε
413 822 478 887 hoc
490 823 632 909 spatium
644 835 839 909 tantumque
851 844 952 886 morae
965 823 1027 886 fuit
1040 823 1104 903 1103

248 924 312 1005 llo,
326 950 469 1016 namque
481 928 598 1015 procul
609 926 750 991 validam
763 926 924 991 direxerat
936 925 1076 1006 hastam,

247 1031 354 1114 Quam
365 1033 494 1098 medius
507 1033 664 1098 Rhoeteus
676 1032 856 1120 intercipit,
871 1033 995 1120 optime
1007 1031 1169 1110 Teuthra,

247 1139 297 1201 Tc
310 1139 453 1225 fugietne,
468 1141 668 1228 fratremque
680 1141 806 1228 Tyren3
820 1161 984 1227 curruque
997 1139 1129 1203 volutus

234 1327 235 1334 ἵ
248 1242 353 1308 Caedit
365 1245 551 1309 semanimis
564 1244 761 1309 Rutulorum
773 1243 916 1309 calcibus
929 1265 1015 1309 arva.

248 1351 295 1412 Ac
307 1349 411 1429 velut,
426 1365 538 1437 optato
551 1351 657 1414 ventis
669 1366 779 1415 aestate
792 1351 927 1430 coortis,
1247 1359 1290 1418 1υό

281 1531 332 1592 396.
347 1533 489 1578 Semianimes
503 1535 568 1581 11οι0.
580 1533 670 1590 01404,
684 1537 749 1581 etsie
761 1536 831 1582 scribi
842 1535 929 1581 malim.
938 1559 969 1572 ·-
979 1533 1031 1595 398.
1041 1532 1063 1578 d.
1075 1541 1098 1578 et
1102 1531 1175 1595 furor
1182 1531 1248 1576 Rom.
1260 1530 1288 1575 cl.
1355 1519 1356 1592 l

248 1618 299 1664 sup.
310 1603 339 1648 ad
348 1604 389 1659 lV,
401 1621 438 1664 91.
450 1630 482 1641 -
493 1605 544 1667 399.
554 1616 646 1670 propter
655 1609 680 1652 iu
691 1608 737 1654 fine
749 1621 803 1654 tert.
814 1608 936 1663 Rottend.,
946 1619 972 1652 ut
982 1608 1010 1652 sit
1022 1621 1102 1668 prope.
1115 1603 1202 1648 Eadem
1215 1603 1290 1648 varie-

248 1684 282 1717 tas
294 1671 357 1717 alibi.
369 1675 447 1718 Burin.
457 1673 536 1720 laudat
546 1677 575 1721 ad
588 1677 656 1723 Ovid.
671 1678 726 1723 Met.
738 1679 767 1734 V,
786 1679 835 1738 ¹59·
853 1703 884 1712 -
899 1676 952 1733 400.
965 1674 1009 1722 tto
1018 1675 1123 1721 Parrhas.
1134 1672 1219 1718 Deleri
1230 1686 1290 1716 nunc
1355 1699 1356 1720 t

248 1743 461 1804 interpunctionem
472 1759 524 1807 post
535 1749 646 1810 spatium
661 1763 715 1793 nam
730 1765 757 1794 ex
771 1751 849 1794 animo
862 1763 936 1810 poetae
949 1751 1058 1810 junctura
1071 1745 1240 1791 videturesse:
1253 1741 1291 1787 hot

249 1820 380 1878 tantumque
388 1816 538 1878 spatiumfur't
546 1817 581 1864 llo
593 1834 672 1874 moroe,
682 1835 737 1864 casu
749 1822 830 1873 tertio;
845 1819 868 1864 h.
879 1837 900 1865 e.
911 1831 1025 1864 moratum
1037 1830 1071 1862 est
1082 1819 1188 1860 mortem.
1199 1838 1230 1849 -
1238 1812 1291 1868 401-
1355 1813 1356 1856 i

249 1883 366 1930 derrxerat
376 1886 440 1930 Rom.
454 1898 476 1931 et
488 1888 586 1944 Medio,
597 1901 623 1934 ut
632 1888 696 1934 alibi.
713 1916 744 1926 -
759 1888 813 1946 400.
831 1893 917 1935 Teucro
926 1891 967 1933 Do.
975 1886 1024 1932 vill.
1038 1889 1147 1931 Teucrum
1157 1883 1228 1929 Goth.
1241 1893 1291 1928 tert.

248 1954 297 2000 Nec
312 1972 366 2002 vero
381 1956 478 2002 Teuthra
495 1975 546 2004 cum
559 1962 639 2006 Servio
649 1978 662 2005 a
674 1960 798 2018 Teuthras,
809 1978 840 2018 α’,
853 1975 887 2008 est
898 1958 1065 2023 repetendum,
1081 1955 1123 2002 sed
1139 1973 1151 2001 a
1171 1953 1293 2008 Teuthras,
1355 1961 1356 1988 l

248 2029 321 2082 ‘mlsss
331 2028 394 2074 ¹¹¹¹(st
405 2029 519 2085 Teuthra,
534 2043 560 2076 ut
572 2026 671 2095 Tettpu
684 2045 707 2079 et
717 2028 814 2094 Τεῦθμ.
833 2058 865 2069 -
882 2032 936 2088 403.
952 2033 1022 2088 Tyrio
1038 2030 1114 2082 Rom,
1132 2043 1160 2072 ex
1175 2021 1250 2086 Ttpn.
1261 2047 1294 2060 -··

249 2096 302 2153 405.
315 2109 391 2161 optata
402 2112 457 2145 vett.
471 2101 524 2147 cdd.
538 2115 591 2148 ante
602 2105 663 2150 Pier.
679 2119 732 2149 cum
746 2103 798 2149 Ald.
813 2120 848 2165 pr.
865 2114 888 2147 et
900 2101 968 2147 codd.
980 2098 1089 2146 nonnulli
1101 2097 1163 2160 apud
1176 2097 1255 2141 Heius.
1269 2107 1294 2140 et

250 2168 329 2212 Burm-
350 2183 373 2215 et
390 2169 437 2215 duo
453 2172 522 2217 Goth.
528 2206 536 2228 ,
554 2189 689 2236 perperam
709 2177 829 2220 nonenim
844 2176 910 2220 esras
924 2184 1029 2234 optatur,
1050 2171 1131 2216 sedin
1145 2179 1223 2224 aestate
1235 2168 1295 2211 venti·

249 2253 314 2282 aura-
327 2241 409 2303 ltaque
420 2253 482 2288 recte
495 2247 643 2300 vetustiores,
662 2246 727 2309 quod
739 2246 827 2292 editum
839 2261 852 2290 a
863 2245 991 2304 Naugerio‚
1009 2250 1098 2305 optato,
1110 2239 1134 2284 h.
1148 2255 1176 2284 cx
1190 2250 1256 2292 voto,
1268 2247 1294 2280 ut

249 2305 310 2383 ¹bene
319 2311 411 2356 Servius
423 2311 589 2374 explicat5'sed
598 2315 657 2362 male
671 2318 844 2379 interpungitur
856 2317 880 2359 in
895 2315 974 2360 Heius.
987 2326 1010 2360 et
1024 2315 1101 2358 Burin.
1114 2317 1204 2373 optato,
1215 2310 1293 2354 venu's.

250 2473 367 2528 possent.
374 2491 409 2499 —
416 2461 477 2530 396.
489 2467 563 2518 Bona
570 2465 652 2520 Servii
661 2480 686 2519 et
695 2467 752 2518 haec
797 2465 857 2518 dem
868 2463 1089 2532 Latino‚posuit,
1100 2470 1210 2510 ornatus
1220 2474 1294 2508 caus·

250 2551 315 2590 nota
322 2553 361 2591 est
372 2562 377 2591 ς
394 2542 491 2594 «Ennii
503 2564 559 2598 esse
569 2565 673 2599 versum
686 2569 692 2596 ε
708 2547 753 2598 Os·
797 2562 826 2595 sa
838 2545 910 2595 fecit.
924 2573 958 2582 -
971 2539 1021 2608 405
1034 2558 1108 2611 seqq.
1122 2536 1293 2607 Comparatio

254 2641 265 2665 α
275 2619 375 2672 citatio
386 2624 485 2692 campis
492 2637 573 2696 caput
581 2646 596 2676 a
606 2625 706 2678 cervice
715 2643 751 2674 re·
798 2622 833 2674 ad
845 2622 1014 2673 Homericum
1027 2614 1175 2688 exemplum
1191 2615 1296 2666 concin-

253 2722 265 2747 α
277 2699 378 2752 vulsum
391 2741 399 2766 ‚
420 2703 631 2778 Semanimesque
651 2705 751 2756 micant
794 2714 857 2754 nata
867 2701 942 2753 lliad.
952 2717 982 2766 λ,
996 2697 1142 2766 155—157,
1151 2699 1221 2747 forte
1231 2711 1295 2765 quo·

254 2779 345 2831 «oculi
357 2779 494 2854 lucemque
506 2786 650 2856 requirunt.
663 2783 750 2850 Quem
795 2801 846 2853 que
859 2803 872 2832 v
880 2820 888 2846 ‚
902 2781 954 2850 490
964 2798 1022 2851 sqq.
1035 2779 1120 2848 Supra
1133 2775 1246 2829 similem
1257 2775 1296 2824 10-

254 2876 379 2910 aversum
387 2860 423 2912 ad
434 2880 510 2913 suum
519 2882 624 2915 carmen
634 2875 750 2914 transtu·
794 2881 854 2914 cum
870 2861 984 2913 vidimus
1000 2859 1047 2910 lib.
1063 2860 1103 2922 ll,
1118 2855 1187 2922 304,
1206 2867 1232 2906 et
1247 2854 1293 2904 Ge.

254 2961 265 2985 a
275 2938 305 2989 lit
312 2939 398 2990 Varro
410 2941 567 2993 Atacinus.»
578 2944 675 2994 Lusere
685 2940 748 2994 hinc
794 2943 833 3010 ll,
846 2941 897 2994 303
909 2960 966 3010 sq,
978 2943 1006 2991 in
1016 2938 1111 3008 quibus
1119 2936 1160 2986 vel
1171 2938 1293 2997 incauto,

251 3019 296 3071 alii
313 3021 340 3070 in
358 3020 410 3072 hoc
432 3021 492 3092 plus
514 3041 594 3091 quam
613 3041 663 3094 par
682 3034 747 3073 erat.

251 3097 304 3149 vid.
323 3099 395 3168 apud
410 3099 496 3152 Guell.
514 3101 627 3153 Cerdam
644 3113 671 3153 et
686 3103 752 3152 Bur-

252 3195 386 3228 mannum.
407 3179 514 3245 Quanto
531 3181 677 3251 simplicius
694 3182 750 3230 Ho-

251 3272 338 3305 merus
352 3256 425 3307 lliad.
440 3278 468 3322 r,
482 3260 523 3310 81.
537 3260 583 3310 82!

288 3333 339 3402 399
355 3353 410 3404 seq.
428 3338 514 3388 Pallas
530 3337 670 3388 Rhoeteum
682 3353 752 3404 prte-

251 3411 438 3483 tsrfuqientem
450 3416 527 3486 bigis,
536 3433 569 3465 ne
580 3413 751 3465 aTeuthran-

249 3503 276 3542 te
287 3503 313 3542 et
324 3490 391 3562 Tyre
403 3489 529 3545 fratribus
539 3493 746 3558 interimeretur,

250 3569 324 3622 hasta
338 3573 444 3640 trajicit.
459 3574 499 3623 lta
517 3571 570 3623 llus
584 3582 696 3622 mortem
705 3571 750 3623 hic

253 3651 362 3722 effugit,
381 3669 459 3721 quern
478 3651 562 3704 Pallas
573 3651 689 3703 hoctelo
702 3671 751 3723 pe-

249 3732 338 3783 tierat.
352 3761 386 3770 -
402 3731 462 3798 404.
482 3732 523 3784 Sic
540 3744 566 3784 et
584 3732 634 3782 inf.
654 3750 678 3782 v.
701 3735 749 3802 731

252 3809 365 3862 culcibus
377 3820 462 3862 atrum
477 3810 577 3864 Tendit
588 3809 699 3862 humum
709 3831 755 3863 ex·

793 3021 835 3073 vel
847 3024 939 3094 ignaro
952 3031 1059 3090 pastore
1071 3013 1227 3066 incendium
1237 3031 1294 3066 exo-

795 3103 869 3152 ritur.
887 3103 944 3150 Hoc
962 3109 1049 3148 autem
1065 3093 1125 3142 loco
1144 3105 1240 3160 pastor
1254 3111 1295 3143 vo-

795 3181 852 3233 lens
864 3180 1011 3245 lubensque
1022 3173 1114 3224 silvam
1125 3173 1260 3238 incendit,
1269 3187 1294 3224 et

796 3257 901 3308 flamma
910 3255 1029 3304 laetatur:
1043 3247 1116 3319 quod
1129 3260 1175 3299 aut
1186 3251 1293 3302 stultum

797 3347 841 3386 aut
851 3335 1032 3384 facinorosum
1041 3329 1178 3380 hominem
1187 3330 1296 3400 prodit5

795 3426 821 3466 et
834 3430 962 3484 quorsum
976 3411 1084 3461 omnino
1097 3409 1149 3460 hoc
1164 3413 1292 3480 pertinet,

795 3505 824 3545 ut
843 3494 901 3563 quis
918 3494 945 3544 in
960 3490 1048 3544 media
1063 3502 1152 3542 aestate
1171 3489 1294 3542 incendat

796 3573 874 3624 silvas
883 3574 896 3622 Ρ
906 3571 958 3623 hoc
971 3569 1079 3641 quidem
1092 3569 1227 3640 quomodo
1236 3570 1292 3640 pla·
1355 3597 1356 3602 =

797 3671 865 3716 cere,
877 3649 1160 3723 autquomodopoetre
1173 3649 1291 3700 excidere
1355 3667 1356 3680 ¹

797 3734 914 3806 potuerit
936 3750 991 3783 non
1013 3730 1101 3782 video.
1125 3731 1223 3780 Verum
1236 3749 1291 3780 nec

797 3825 881 3885 poetae
894 3812 973 3884 culpa
986 3831 1018 3864 ea
1029 3822 1085 3875 est,
1102 3809 1148 3861 sed
1164 3810 1291 3880 interpre-
1355 3855 1356 3878 ἶ

252 3891 359 3962 spirans.
380 3889 515 3960 σφαδᾶξιι,
536 3891 647 3958 λακτίζει.
662 3891 754 3961 Quod
799 3907 875 3957 tum,
898 3893 943 3963 qui
964 3891 1055 3942 silvam
1076 3907 1130 3940 non
1153 3891 1291 3940 meminere
1355 3943 1356 3948 ,

237 3968 410 4024 ¹Rutulorum
427 3990 490 4024 arva
506 3991 556 4044 pro
568 3971 640 4039 solo,
653 3987 680 4026 et
694 3973 754 4046 qui-
799 3990 855 4027 esse
876 3971 903 4024 h.
923 3971 942 4023 1.
962 3969 1072 4043 stipulas
1092 3967 1149 4039 agri
1166 3965 1292 4040 demessi,
