2690 4596
510 263 732 375 cannen.
1081 319 1144 399 ,23

96 429 228 498 Dehinc
240 454 312 498 sese
323 431 366 498 ad
378 448 510 522 gentem
522 433 655 499 Iliacam
668 433 834 516 volvebat,
849 453 882 501 et
892 438 959 504 alto

96 537 235 602 Pectore
248 538 348 606 verba
359 537 507 619 trahens,
519 538 643 605 blando
655 557 706 604 est
717 541 764 605 sic
777 563 835 606 ore
846 541 977 610 locutus
989 568 996 607 ε

147 645 305 727 «Οεοοὶἱ,
320 670 380 736 per
391 647 473 712 dura
484 671 522 713 ac
535 646 636 713 densa
649 648 795 736 pericula
806 652 907 730 vecti,
1115 667 1143 716 85

95 752 161 815 Per
171 767 279 818 tantos
290 753 455 818 bellorum
468 771 579 834 aestus,
594 752 810 844 duplicesque
822 757 952 822 furores
1170 737 1176 751 .

94 856 288 938 Armorum,
302 883 362 947 per
372 853 489 950 totque
500 860 641 940 hiemes,
655 883 716 948 per
728 859 893 950 quidquid
905 863 1062 930 acerbum

96 961 326 1045 Horrendum,
340 988 453 1054 grave,
466 967 573 1046 triste,
587 967 791 1055 ingene,·per
803 966 967 1058 quidquid
980 971 1143 1061 iniquum,

95 1069 297 1151 Infaustum,
311 1087 344 1136 et
356 1072 491 1137 crudele
503 1071 603 1152 foret,
618 1073 800 1137 convertite
814 1089 960 1138 mentem

95 1174 137 1236 In
149 1175 365 1268 meliuszjam
376 1177 451 1243 finis
462 1175 643 1244 adest2hic
654 1193 743 1242 meta
754 1179 918 1244 malorum
1092 1214 1144 1260 φ

95 1277 215 1360 Stabit,
230 1297 263 1345 et
274 1280 420 1370 optatam'
432 1283 524 1348 Latia
536 1283 722 1371 cumgente
735 1284 883 1374 quietem

94 1386 117 1450 J
119 1411 280 1476 ungemus
292 1414 299 1452 ε
313 1390 494 1456 dabitinde
506 1391 590 1455 mihi
601 1393 736 1455 Lavinia
749 1391 870 1482 conjux

95 1492 188 1557 Bello
200 1496 266 1560 acri
278 1494 429 1577 defensa,
444 1498 526 1562 Italo
538 1517 615 1561 cum
627 1493 788 1586 sanguine
800 1496 931 1562 mistam

94 1601 275 1691 'frojanam
287 1606 464 1670 transferre
476 1621 598 1670 aeterna
610 1606 775 1676 insaecula
787 1623 929 1694 gentem.

95 1709 211 1773 Unum
223 1712 404 1794 oro,socii,
418 1715 581 1778 Ausonios
594 1715 816 1802 communiter
827 1732 925 1805 aequo
1113 1729 1143 1791 95

95 1816 195 1880 Ferte
207 1818 332 1898 animo,
346 1835 379 1884 et
390 1836 519 1884 vosmet
531 1839 647 1884 socero
659 1820 832 1885 observate
845 1821 974 1884 Latino.

97 1975 138 2028 Ea
151 1989 238 2028 autem
248 1978 360 2049 praemiu
371 1978 428 2030 vult
440 1996 497 2031 esse
509 1977 669 2030 Rutulorum
681 1977 797 2042 moenia,
809 1975 837 2028 id
851 1990 905 2043 est,
920 1997 976 2049 quae
990 1978 1082 2031 Rutuli
1094 1977 1145 2034 sibi

100 2055 271 2109 uindicarant
282 2059 342 2125 jure
354 2047 526 2109 matrimonii.
537 2055 816 2108 -subttmem.cmru
828 2055 989 2126 triumphali¹
998 2057 1097 2110 elatum
1107 2059 1147 2110 in·

97 2133 287 2206 redige-86.
300 2134 469 2208 duplicesque
475 2135 597 2206 furores,
608 2148 658 2188 etc.
668 2136 813 2206 Trojanum
824 2133 926 2187 bellum
937 2135 1039 2188 iudicat
1051 2149 1077 2190 et
1089 2139 1143 2190 Ita-

94 2214 194 2276 licum;
214 2217 320 2286 utrique
332 2217 403 2268 enim
414 2218 591 2269 interfuerant
603 2217 707 2281 Duces,
722 2217 861 2288 qui,.post
878 2233 999 2269 eversam
1017 2218 1142 2288 Trojam‚

96 2295 186 2347 socios
198 2312 255 2347 sese
272 2296 437 2366 comitesque
455 2297 542 2348 AEneae
559 2293 727 2348 addiderant.
742 2323 778 2336 -
792 2295 835 2348 88.
849 2295 1035 2362 Homericam,
1044 2315 1143 2370 prave,
1227 2335 1230 2344 .

95 2372 182 2438 triste,
193 2387 243 2426 etc.
256 2373 404 2447 Virgilieno
416 2393 490 2428 more
507 2373 633 2446 epithetis
650 2363 769 2446 epitheta
787 2367 893 2442 'adjicit3
911 2373 959 2426 sed
976 2375 1078 2447 dispari
1097 2375 1144 2428 ad-

95 2449 207 2502 modum
222 2451 358 2506 felicitate.
376 2452 450 2505 Ocro
462 2452 588 2526 Epithete
605 2470 749 2525 congerere
764 2451 799 2503 ad
815 2452 988 2525 exprimenda
998 2455 1058 2506 vitre
1072 2453 1145 2507 mala

95 2529 240 2582 ridiculum
252 2544 299 2584 est.
306 2563 340 2572 -
347 2533 389 2602 89.
396 2533 538 2586 convertite
548 2543 661 2586 mentem
671 2532 699 2583 in
707 2529 814 2599 melius,
823 2537 873 2586 etc.
885 2533 963 2585 Exiis
973 2532 1143 2606 depromtum

97 2628 156 2681 quae
167 2611 238 2663 idem
250 2612 285 2664 ad
299 2614 403 2681 socios,
416 2611 518 2666 AEneid.
532 2615 559 2677 1,
574 2630 642 2679 aon,
655 2629 714 2682 sqq.
728 2633 734 2662 ι

519 2717 600 2768 Dabit
611 2717 683 2767 Deus
694 2715 736 2766 his
749 2731 856 2784 quoque
868 2713 956 2766 finem.

206 2822 684 2839 ..................
686 2823 712 2854 ¹.
734 2822 739 2832 .
761 2821 767 2833 .
789 2820 796 2832 .
817 2821 853 2849 .,

203 2878 253 2927 Per
263 2877 351 2926 varios
363 2891 457 2940 casus,
470 2893 519 2945 per
530 2886 570 2925 tot
582 2873 736 2925 discrimina
748 2889 837 2922 rerum

202 2952 348 3004 Tendimus
360 2954 387 3004 iu
399 2953 517 3018 Latium,
531 2965 582 3004 etc.

202 3031 317 3096 Durate,
328 3043 354 3083 et
364 3044 467 3084 vosmet
477 3031 557 3084 rebus
570 3041 675 3083 servate
687 3026 821 3081 secundis.

97 3132 218 3186 Tederet
233 3133 399 3205 puderetque
412 3133 640 3204 comparationem
657 3131 740 3184 ullam
752 3149 813 3182 cum
826 3128 980 3201 virgilianis
993 3131 1140 3188 instituere.

96 3232 182 3284 -91.
193 3223 311 3286 optatam
319 3214 398 3266 tarta
414 3230 475 3266 cum
484 3223 562 3284 pente
573 3212 688 3284 quietem
696 3213 846 3284 junqemus.
859 3209 890 3261 ld
900 3209 1046 3262 secundum
1055 3214 1143 3268 Maro.

95 3311 172 3360 nem,
188 3293 261 3363 quod
273 3306 299 3346 et
310 3293 399 3344 Livius
412 3293 507 3357 sentit,
521 3293 567 3362 qui
579 3289 698 3357 dubitat,
711 3302 771 3344 uter
780 3290 911 3342 Ascanius
922 3294 1095 3362 successerit,
1107 3313 1142 3353 an

95 3373 120 3424 is
135 3373 181 3442 qui
193 3391 224 3439 ex
235 3373 350 3439 Greiisa,
367 3391 402 3426 en
415 3373 460 3442 qui
472 3389 505 3424 ex
512 3372 625 3427 Lavinia
634 3383 790 3443 procreatus
802 3373 845 3422 ait.
856 3370 888 3422 Δ.
899 3397 932 3410 -
942 3369 985 3439 9⁴·
999 3371 1141 3444 ijauam

98 3452 239 3524 transferre
256 3465 353 3508 retem
371 3453 400 3508 ie
409 3449 506 3510 mulo
519 3462 634 3524 pentem.
649 3451 779 3506 Conferas
793 3450 855 3503 licet
868 3467 911 3504 res
925 3449 1048 3518 easdem,
1061 3454 1095 3508 ab
1108 3475 1142 3510 eo

98 3534 145 3604 qui
156 3551 217 3586 vere
228 3546 323 3604 poeta,
335 3532 478 3588 verborum
487 3551 588 3603 pompa
598 3545 625 3586 et
636 3535 774 3602 majestate
785 3530 892 3584 decenti
903 3542 1045 3586 exornatas
1056 3554 1063 3584 ι
1181 3539 1185 3546 ¹

175 3654 178 3664 ’
205 3639 252 3692 His
264 3658 314 3712 ego
326 3659 377 3693 nec
388 3653 472 3692 metas
484 3659 589 3706 rerum,
602 3657 651 3691 nec
663 3651 785 3710 tempora
796 3653 886 3710 pono:

204 3721 347 3792 Imperium
360 3721 416 3772 sine
425 3719 479 3771 line
494 3718 565 3770 dedi.
602 3720 702 3770 AEttnrn.
716 3718 814 3784 1,282.

97 3859 132 3869 -
149 3826 192 3898 95.
210 3828 336 3883 Ausonios
351 3827 527 3880 communiter
539 3845 614 3900 oequo
627 3826 699 3899 ferte
712 3825 811 3878 animo.
828 3824 861 3876 Et
876 3821 929 3876 hoc
947 3817 1054 3894 quidem
1069 3823 1141 3877 June

96 3907 156 3978 ipsa
164 3919 372 3982 praeoptaverat,
385 3920 411 3959 et
423 3926 438 3960 a
449 3907 515 3960 Jove
528 3918 737 3979 expoposcerat,
749 3902 852 3958 AEneid.
865 3903 927 3971 XII,
941 3903 1007 3958 826:

202 4007 241 4062 Sit
253 4006 546 4075 taliamentum
558 4025 607 4078 per
618 4004 715 4058 saecula
726 4021 809 4076 reges.
