2718 4594
222 267 286 351 314
470 271 505 334 r.
528 265 760 334 vintrau
783 265 1018 336 Maeonis

221 393 287 456 Aut
299 407 335 456 tu
346 391 433 458 bella
444 393 508 473 cie,
523 409 789 481 conceptumque
802 409 918 457 excute
930 392 1049 460 foedus.

220 498 346 562 Auctor
358 521 419 586 ego
429 496 587 563 audendi.
600 527 613 558 n
628 498 681 563 Sic
693 496 862 562 exhortata
874 499 1009 587 reliquit

222 603 400 684 Incertam,
414 621 447 668 et
461 605 546 668 tristi
557 604 722 669 turbatam
733 605 869 668 volnere
881 606 1011 670 mentis.

265 711 395 774 Interea
407 733 515 798 reges,
529 711 655 798 ingenti
667 711 756 774 mole
768 709 905 775 Latinus

220 813 425 906 Quadrijugo
436 817 570 882 vehitur
580 840 694 896 curru,
708 816 762 882 oui
773 832 924 906 tempora
935 816 1061 883 circum

221 917 336 985 durati
347 923 398 988 bis
410 946 466 988 sex
479 923 562 988 radii
574 923 734 1012 fulgentia
745 923 896 1010 cingunt,

221 1028 305 1096 Solis
317 1033 370 1118 ari
381 1034 550 1122 specimen
561 1055 569 1095 ι
581 1032 666 1120 bigis
678 1032 704 1096 it
715 1033 849 1096 Turnus
862 1031 897 1095 in
908 1029 1005 1110 albia,

224 1196 287 1243 Gud.
298 1211 321 1246 et
331 1200 390 1248 alter
403 1202 497 1264 Menag.
512 1226 543 1237 -
560 1199 611 1247 158.
625 1199 661 1246 Ac
676 1208 700 1245 tu
713 1199 783 1245 Goth.
798 1210 851 1246 tert.
866 1199 900 1245 At
914 1208 938 1244 tu
953 1197 1023 1244 Gotlr.
1036 1213 1096 1266 sec„
1111 1198 1204 1262 aliquot
1214 1198 1277 1244 Pier.

224 1279 248 1312 et
257 1269 349 1332 Menag.
363 1288 399 1334 pr.
407 1289 414 1326 ;
426 1271 489 1318 idem
500 1274 578 1335 excipe
588 1269 625 1334 fl,
641 1283 690 1316 tum
703 1273 814 1333 inceptum
830 1270 899 1317 Goth.
915 1281 981 1326 tert,
997 1269 1066 1315 male.
1081 1278 1217 1333 conceptum
1228 1268 1279 1314 ele-

224 1340 324 1398 gantius.
339 1341 369 1385 cl.
384 1357 436 1404 sup.
451 1360 473 1390 r.
489 1343 525 1388 13.
539 1344 740 1402 -159.exorata
754 1342 845 1402 Hugen.
860 1339 967 1404 relinquit
978 1339 1044 1384 Leid.
1062 1354 1118 1386 tm.
1131 1355 1170 1402 pr.
1180 1364 1213 1374 -
1226 1339 1276 1384 160.

221 1405 314 1454 nulum
323 1415 401 1456 mortis
413 1412 461 1458 duo
474 1413 557 1460 Hamb.
571 1412 613 1458 sed
625 1411 709 1456 vulnus
718 1414 798 1456 mentis
807 1427 851 1473 pro
864 1410 958 1466 dolore,
970 1410 1083 1455 utstatim
1094 1411 1145 1454 AEn.
1158 1410 1181 1466 l,
1196 1408 1236 1454 36.
1246 1431 1279 1444 -

227 1477 278 1523 161.
289 1480 325 1525 td
334 1482 418 1544 figuras
431 1484 531 1546 Virgilio
546 1499 607 1531 nore
623 1495 744 1544 usurpatas
759 1482 831 1529 refert
846 1482 951 1528 Macrob.
963 1483 1009 1537 vl,
1022 1480 1051 1536 6,
1065 1479 1172 1544 quodde
1185 1479 1277 1525 duobus

223 1549 308 1613 incipit
323 1553 416 1610 dicere,
436 1568 459 1602 et
474 1559 500 1602 in
516 1555 691 1602 unumdesinit.
704 1554 775 1614 Quod
786 1567 865 1602 tamen
877 1569 905 1600 ex
914 1555 1016 1600 Homero
1032 1552 1125 1608 laudat,
1142 1551 1227 1615 Odyss.
1239 1567 1277 1610 μ,

225 1618 263 1680 73-
280 1621 321 1682 74,
335 1622 438 1670 alienum
454 1638 496 1672 est.
513 1627 655 1672 Conveniret
670 1624 763 1670 sebema
774 1623 933 1670 Alcmanicum
952 1625 1015 1687 apud
1030 1623 1160 1668 Pindarum
1172 1622 1276 1668 obvium.

223 1689 375 1754 Hyperbaton
385 1713 434 1744 esse
444 1698 502 1744 dixit
512 1699 617 1755 Servius,
627 1709 654 1742 ut
663 1697 722 1742 ordo
731 1699 773 1752 sit;
783 1698 872 1744 Interea
882 1712 943 1762 repes
953 1696 1078 1759 procedunt
1085 1697 1181 1750 cason,
1199 1706 1276 1739 cetera

225 1761 250 1804 In
262 1764 397 1822 parenthesi
416 1767 478 1813 dicta
497 1771 551 1814 sint.
567 1769 616 1814 Hoc
631 1779 773 1830 sequuntur,
791 1778 906 1830 quantum
923 1767 1004 1824 sitleo,
1025 1769 1179 1828 Interpretes;
1191 1763 1277 1826 quibus

175 1869 179 1882 ,
225 1845 303 1880 tamen
317 1851 366 1882 uon
382 1840 498 1888 accedam.
511 1842 581 1887 Ponit
592 1841 621 1886 ab
633 1842 701 1885 initio
714 1851 784 1901 poeta
801 1855 887 1902 genus,
901 1851 925 1885 et
940 1852 990 1886 tum
1006 1838 1129 1885 individua
1140 1836 1277 1898 subjungit,

223 1902 309 1951 iuflexa
322 1907 352 1952 ad
361 1909 386 1954 id
396 1913 509 1959 oratione.
521 1913 665 1975 Interpnngo
679 1913 773 1973 itaque:
786 1911 875 1956 Interea
885 1926 947 1974 repes
956 1911 964 1970 (
973 1921 996 1955 et
1009 1907 1105 1972 quidem
1117 1908 1196 1969 primo
1207 1904 1276 1963 loco)

223 1975 309 2039 tepenti
320 1979 377 2026 mole
386 1984 481 2030 Latinus
490 1983 579 2031 vehitur
588 1996 632 2030 etc.
644 1981 698 2048 biqt's
712 1985 729 2028 it
742 1985 833 2028 Turnus
845 1994 889 2029 etc.
903 1983 963 2028 Hr'nc
974 1989 1040 2044 pater
1051 1981 1173 2048 Epeos...
1183 1979 1278 2022 Rome:

223 2044 353 2094 Procedant
367 2053 414 2110 (sc.
430 2055 526 2114 omnes)
540 2057 627 2100 castris.
642 2079 674 2089 -
688 2051 738 2097 161.
756 2051 866 2098 Continuo
882 2067 944 2116 repes
960 2068 997 2114 ap.
1013 2051 1136 2095 Carisium.
1157 2066 1178 2095 r.
1196 2047 1277 2092 Heins-

146 2125 148 2132 ’
223 2113 313 2163 Interea
325 2122 401 2178 (non,
416 2136 442 2168 ut
453 2126 579 2170 Burmann.
594 2124 678 2180 tradit,
691 2123 801 2170 Continuo
809 2125 816 2182 )
825 2138 867 2168 rex
876 2125 959 2187 inperiti
967 2123 994 2167 de
1006 2118 1063 2166 mole
1074 2135 1087 2164 a
1099 2135 1132 2164 m.
1142 2134 1180 2180 pr.
1189 2116 1277 2162 Medic.

223 2207 255 2219 ·-
268 2185 318 2232 162.
333 2189 470 2258 Qnadrr'jaqe
487 2195 569 2256 Papias
581 2197 606 2240 in
619 2192 732 2257 Prolepsis
744 2210 781 2255 ap.
794 2195 920 2240 Burmann.
931 2190 1043 2238 invelu'tnr
1051 2207 1087 2252 pr.
1098 2205 1126 2234 ac
1135 2203 1177 2251 qu.
1191 2187 1277 2232 Mouet.

223 2264 247 2297 et
259 2255 329 2301 Goth.
342 2271 394 2305 tert.
407 2262 480 2308 Aliter
490 2276 545 2310 vett.
556 2251 704 2310 Gr‘amm'atici
712 2274 735 2309 et
744 2265 823 2326 scripti
832 2279 853 2309 c.
864 2263 919 2309 edd.
929 2261 960 2299 -’-
971 2261 1023 2308 163.
1034 2261 1129 2308 Auratis
1138 2275 1176 2321 pr.
1184 2257 1277 2318 Menag.

223 2345 256 2360 “
267 2325 318 2383 ¹64·
333 2335 429 2394 spectent
441 2333 511 2380 Goth.
522 2349 576 2382 tert.
588 2349 611 2382 et
620 2339 684 2383 Serv·
699 2351 736 2398 ap.
745 2337 838 2394 Burm,
851 2335 935 2382 eodem
949 2350 1041 2391 errore,
1058 2347 1131 2398 quem
1145 2328 1279 2376 emendarit

224 2470 302 2520 nonis
315 2487 346 2522 ex
358 2473 475 2526 Homero
487 2477 600 2546 petitum
612 2476 687 2529 Iliad.
699 2477 726 2541 d,
772 2479 854 2531 fuisse
866 2476 971 2530 Servius
982 2471 1134 2535 contendit,
1146 2487 1277 2542 gramma·

224 2549 259 2617 64
268 2555 438 2623 saa—160.
447 2557 625 2612 Incertamcs.
639 2569 729 2611 utrum
772 2560 856 2612 ticum
876 2577 988 2612 acumen
1007 2556 1084 2626 sapit.
1105 2553 1163 2602 Etsi
1185 2568 1276 2603 verum

225 2641 341 2684 tentaret
353 2635 426 2704 quod
435 2639 505 2689 Juno
513 2639 646 2706 jusserat;
659 2656 680 2690 s.
693 2637 727 2690 de
772 2639 929 2705 est,Circes
946 2637 1083 2708 etUlyssis
1098 2633 1184 2685 filium
1200 2631 1278 2684 habi·
1343 2651 1344 2676 r

223 2724 322 2764 eventu
336 2714 445 2768 incerta.
458 2719 528 2768 Nam
540 2736 565 2768 v.
580 2718 628 2770 153
632 2717 728 2788 sartan
772 2732 828 2770 tum
836 2720 969 2784 Latinum,
976 2728 1086 2770 auctore
1092 2709 1276 2783 ipsoHesiodo

233 2789 338 2846 miseros
350 2792 459 2846 meliora
470 2807 620 2868 sequentur.
771 2800 872 2872 Theop.
895 2817 999 2851 rorr....
1012 2795 1094 2860 1016,
1114 2806 1207 2845 tamen
1228 2809 1276 2842 ne-

264 2871 728 2948 rfirsqqrMultumsuperavitMaro
774 2882 883 2932 cessitas
902 2879 977 2932 nulla
993 2890 1051 2942 est,
1071 2887 1118 2939 ut,
1139 2871 1215 2944 quod
1232 2870 1276 2922 alii

225 2951 371 3005 Homerum
390 2957 418 3006 in
437 2957 602 3010 sollennibus
619 2958 727 3011 foederis
774 2959 954 3023 arbitrantur,
970 2957 1110 3009 Maronem
1132 2954 1174 3004 sui
1193 2952 1275 3022 ipsius

225 3033 409 3100 exponendis:
421 3038 456 3088 cf.
471 3037 548 3089 Iliad.
559 3057 591 3103 γ,
605 3037 655 3106 259
667 3055 726 3110 sqq.
773 3039 887 3092 oblitum
896 3057 968 3090 nunc
977 3035 1051 3088 aliud
1059 3035 1136 3104 sequi
1145 3031 1273 3084 dieamus.

227 3109 330 3182 inperiti
347 3114 433 3181 mole,
454 3136 552 3190 magna
572 3118 726 3184 molitione,
772 3119 841 3185 sed,
854 3137 936 3190 quum
948 3130 1003 3168 tam
1013 3111 1172 3166 multimode
1180 3111 1274 3164 fabula

227 3207 368 3260 apparatu.
383 3195 634 3270 Serviustpompa,
648 3199 730 3250 ambi-
772 3201 869 3252 voterit
883 3198 966 3250 Italia
982 3207 1112 3258 narrata,
1131 3204 1159 3244 et
1176 3204 1275 3244 ornata
1343 3243 1344 3268 ,

226 3275 385 3340 tua-164.
403 3277 511 3330 Corona
526 3279 631 3331 radlata
647 3297 729 3330 orna·
773 3281 874 3333 fuerint
882 3316 893 3359 9
913 3286 1060 3348 potuerunt
1082 3289 1141 3325 esse
1161 3273 1274 3343 utique,

226 3361 268 3398 tus
287 3351 416 3422 Latinus,
435 3371 465 3409 ut
478 3361 513 3410 sit
530 3361 620 3430 stirpis
637 3379 654 3412 a
669 3358 730 3411 Sole
775 3361 821 3435 qui
837 3356 880 3410 vel
895 3359 1017 3408 Faunum
1031 3353 1074 3405 vel
1088 3354 1183 3404 Picum
1198 3351 1275 3424 (nam

226 3426 313 3480 ductae
329 3450 523 3504 argumentum.
540 3441 670 3510 specimen
689 3451 730 3492 est
774 3459 854 3493 anum
864 3435 1019 3507 simpliciter
1027 3433 1060 3486 de
1072 3451 1127 3485 uno
1138 3451 1171 3486 ex
1183 3451 1275 3504 proge·
1343 3451 1344 3486 ἱ

225 3507 331 3574 eappa,
343 3510 728 3572 documentum.v.Ver.Lect.
774 3519 906 3573 nitoribus
926 3517 1048 3587 accipere
1067 3513 1147 3586 licet)
1166 3533 1181 3566 e
1202 3513 1275 3564 Circe

227 3584 296 3638 Solis
313 3591 358 3641 eoi
375 3593 411 3645 sd
429 3610 579 3650 maternum
601 3617 684 3672 genus
704 3610 730 3650 et
774 3599 909 3652 sublatum
927 3595 1072 3647 traderent.
1092 3594 1133 3645 Ita
1152 3593 1245 3645 Picum
1262 3609 1275 3644 o

228 3663 338 3732 Circen,
355 3668 422 3723 Solis
441 3674 538 3742 liliam,
554 3677 599 3730 hio
617 3695 674 3730 esse
690 3696 731 3730 re·
775 3680 851 3731 Circe
872 3687 990 3728 amatum
1006 3693 1039 3728 ex
1058 3671 1149 3725 Ovidii
1167 3673 1273 3724 Metam.
1343 3721 1344 3728 .

229 3745 405 3827 currendum,
413 3752 502 3805 nullus
509 3754 614 3809 dubito.
625 3759 731 3812 Interea
774 3760 849 3823 XIV,
860 3756 912 3808 320
926 3771 984 3824 sqq.
997 3753 1130 3804 novimus.
1146 3750 1238 3804 Circes
1252 3761 1276 3802 et

229 3825 353 3878 Latinum
367 3830 424 3900 ipse
439 3847 522 3903 poeta
538 3851 596 3906 sup.
609 3827 730 3908 'Vlls47
774 3836 928 3892 Telemachi
935 3835 1019 3886 lilium
1028 3835 1155 3884 Latinum
1168 3832 1215 3885 alii
1225 3832 1277 3884 edi-

229 3909 322 3962 Fauno
332 3921 358 3960 et
365 3909 467 3964 Marica
474 3915 592 3984 genitum
600 3915 730 3986 prodidit.
775 3919 884 3982 derant,
898 3933 964 3987 quos
974 3915 1092 3986 Hyginus
1100 3911 1158 3964 fab.
1177 3929 1277 3983 11701-

228 3989 312 4058 Quod
323 3989 452 4046 Maricam
463 3993 577 4047 eandem
594 4013 625 4048 ac
635 3997 731 4051 Circen
776 3999 897 4069 scripsit:
909 3995 956 4047 ubi
972 3994 1044 4048 conf.
1061 3991 1186 4047 Munker.
1204 3993 1277 4046 Cete-
