2690 4596
390 283 392 290 ’
490 325 711 392 clausu.
1060 333 1121 414 435

75 453 152 517 Jarn
165 466 295 516 mutum
307 467 355 516 ost
367 449 438 514 sine
451 473 533 515 voce
545 467 662 538 caput:
677 472 744 539 quo
755 449 927 538 pulchrior
936 447 1019 520 alter

76 560 154 621 Non
167 559 230 622 fuit
242 558 276 621 in
288 557 526 636 conternata,
540 580 602 622 nac
614 558 736 646 gratior
749 556 835 621 ullus

76 662 237 752 Eloquio,
252 686 313 728 nec
326 664 399 753 quis
413 663 527 750 positis
539 664 704 750 ingentior
715 664 830 743 armis3

76 772 177 849 Nate,
192 769 249 833 ubi
261 770 368 834 forma
380 771 503 849 nitens,
516 771 680 859 niveaque
691 770 726 832 in
739 770 849 834 fronte
861 791 997 835 serenus

77 876 140 940 Ille
153 874 268 956 decor,
282 875 455 965 dulcisque
468 876 641 941 oculorum
652 892 819 966 aspectus,
833 892 866 940 et
876 876 950 941 altae
1082 895 1125 955 275

78 980 234 1048 Sidereus
247 983 384 1048 cervicis
395 982 523 1048 honos?
535 983 595 1047 His
606 983 708 1070 gloria
721 983 836 1046 Martis
974 975 980 988 ’

79 1089 226 1176 Contigit
237 1089 409 1176 auspiciis:
424 1088 480 1153 tali
492 1087 639 1153 rediture
652 1105 767 1176 parutu

78 1193 263 1259 Discedens
275 1195 409 1259 voluisti
420 1195 525 1260 avidis
538 1212 570 1259 te
583 1193 718 1259 credere
730 1193 844 1259 bellis?

80 1303 158 1364 Heu
171 1298 314 1364 Mortem
326 1301 479 1366 invisam!
494 1324 568 1390 quae
581 1299 650 1366 sola
662 1299 835 1368 ultricibus
845 1299 944 1364 armis

78 1406 192 1471 Elatus
205 1406 744 1485 frenasanimos‚‚communiatoti
977 1431 980 1436 ·
1086 1421 1129 1468 280

79 1512 180 1576 Genti
192 1528 320 1599 sceptra
332 1528 463 1590 tenens,
477 1528 666 1600 aeternaque
679 1510 805 1575 foedera
817 1531 966 1590 servans;
992 1520 994 1524 '

79 1619 163 1699 Quae
175 1639 325 1704 magnos,
339 1639 525 1706 parvosque
538 1619 633 1698 teris;
647 1618 722 1708 q'uae
735 1617 875 1682 fortibus
888 1641 999 1707 aequas

81 1723 251 1803 Imbelles,
264 1724 467 1814 populisque
479 1723 596 1805 duces,
611 1726 808 1814 seniumque
817 1724 975 1814 juventae.

80 1900 177 1954 Nobile
188 1917 296 1972 eorpus,
311 1901 415 1964 Turne,
428 1902 632 1970 saresta-271.
652 1901 711 1969 Quo
726 1895 866 1969 pulchrior
877 1900 946 1951 alter
960 1901 1022 1952 Non
1029 1902 1091 1971 fuit
1103 1905 1131 1956 in

81 1991 137 2032 tota
155 1978 288 2043 Ausonia,
306 1992 355 2032 etc.
374 1981 417 2032 Sic
432 1981 524 2043 Mero,
541 1981 603 2046 Vll,
620 1979 671 2032 55‘:
693 1978 842 2030 Petit-aute
858 1978 923 2030 aleos
937 1978 1133 2049 pulcherrimus

82 2077 187 2123 omnes,
203 2059 322 2122 Turnus,
333 2059 389 2110 avis
397 2058 532 2128 atavisque
539 2069 639 2127 potens.
652 2059 684 2108 Et
696 2057 809 2121 ibidem,
823 2054 890 2126 649,
906 2075 987 2126 quum
999 2057 1034 2109 de
1045 2061 1134 2111 Lauso

84 2139 205 2209 loquitur
223 2159 228 2187 :
254 2137 311 2208 Quo
328 2136 469 2208 pulchrior
488 2134 557 2188 alter
575 2137 640 2190 Nou¹
651 2136 725 2206 fuit,
749 2147 854 2207 excepto
872 2137 1011 2210 Laurentis
1021 2155 1136 2207 corpore

86 2217 181 2269 Turni.
199 2247 233 2255 -
247 2217 306 2286 ²74·
319 2215 412 2286 forma
430 2216 528 2280 nitens,
546 2234 649 2266 serenus
665 2217 783 2269 decoret
798 2215 879 2268 honos
894 2215 1006 2266 sidereus
1022 2217 1135 2269 cervicis.

83 2298 172 2365 Quum
184 2297 263 2368 longe
274 2297 307 2349 ab
320 2296 371 2351 illis
382 2297 503 2350 versibus
514 2296 617 2350 AEneid.
628 2296 674 2348 lib.
688 2299 713 2362 l,
727 2295 791 2364 593!
807 2296 861 2367 ipso
871 2297 990 2350 decoram
1003 2299 1136 2348 cesariem
1181 2315 1183 2322 ’

80 2376 200 2450 genitrix
208 2387 233 2427 et
243 2374 457 2448 lumenjuveutae
467 2395 630 2448 purpureum
646 2387 673 2427 et
684 2374 754 2430 laetoe
765 2364 873 2431 tonores
887 2374 945 2426 uati
959 2373 1042 2427 oculis
1055 2375 1137 2453 affla-

85 2468 164 2509 verat.
182 2485 216 2495 -—
239 2474 298 2528 ²77·
319 2455 369 2508 tali
380 2457 496 2508 rediture
505 2468 611 2530 paratu.
632 2455 663 2508 ld
682 2471 734 2522 est,
751 2469 898 2529 apparatu,
918 2475 1018 2528 pompa
1035 2459 1137 2511 scilicet

83 2536 200 2589 funebri.
211 2536 319 2609 Legitur
330 2552 356 2590 et
368 2536 455 2604 talin'‚
468 2557 518 2609 pro
528 2537 627 2590 taline?
637 2539 669 2589 A.
680 2569 711 2579 —
722 2542 780 2608 278.
791 2537 962 2591 bellisavidis.
974 2539 1005 2590 ld
1014 2551 1066 2603 est,
1078 2558 1137 2609 quae

87 2616 164 2670 avide
174 2631 200 2668 et
211 2619 345 2670 ferventer
356 2631 497 2690 geruntur;
518 2637 575 2690 quae
590 2621 662 2669 viros
675 2618 814 2670 devorant.
828 2651 861 2657 -
875 2637 935 2688 279.
948 2620 1010 2670 Heu
1023 2620 1138 2672 Mortem

86 2697 214 2773 invisam,
227 2713 285 2768 quoe
296 2707 364 2748 tenes
372 2709 470 2768 sceptra
484 2698 637 2748 communia
651 2697 697 2748 toti
704 2697 779 2769 penti
787 2735 795 2762 ,
807 2716 864 2766 quae
877 2698 1022 2748 dominaris
1035 2711 1136 2750 morta-

85 2778 156 2830 libus
170 2778 301 2828 omnibus.
318 2775 349 2828 Δ.
368 2807 402 2818 -
414 2778 474 2828 281.
492 2777 528 2828 Et
543 2795 645 2828 servans
661 2787 756 2827 oeterna
772 2773 888 2846 soedera}
904 2779 967 2848 quia
982 2795 1072 2828 omnes
1090 2780 1137 2847 qui

87 2861 224 2922 oriuntur,
243 2855 388 2926 aliquando
406 2859 527 2908 morituri
545 2869 623 2906 sunt:
641 2869 670 2906 tu
682 2856 790 2926 frenas,
806 2856 834 2909 id
852 2870 904 2921 est,
921 2858 1043 2927 reprimis
1057 2861 1137 2910 armis

86 2939 227 2991 ultricibus
240 2936 385 3008 superbiae;
398 2949 424 2988 et
434 2938 525 3007 posuit
537 2936 692 2999 ultricibus,
703 2939 731 2988 in
743 2949 839 2989 neutro
848 2956 959 3009 genere,
968 2938 1037 2988 sicut
1046 2939 1137 3007 M'aro,

87 3020 208 3072 victricia
221 3017 327 3081 dicens,
345 3015 471 3069 AEneidos
483 3016 553 3067 libro
566 3018 616 3084 ΙΙΙ,
630 3035 655 3068 v.
669 3017 717 3086 49ς

193 3138 244 3188 Res
256 3135 478 3207 Agamemnonias
491 3135 663 3204 victriciaque
676 3154 753 3187 arma
764 3148 880 3187 secutus.

87 3283 124 3295 -
133 3252 236 3304 animos
249 3247 347 3302 Elatus.
367 3249 397 3301 ld
409 3261 466 3311 est,
483 3247 627 3320 superbum
641 3269 699 3319 quar
712 3268 754 3302 ros
767 3251 877 3322 propria
889 3250 940 3299 fuit
950 3249 1056 3314 Turno,
1070 3251 1139 3302 sicut

87 3337 116 3388 in
133 3332 214 3384 finem
231 3331 383 3383 duodecimi
400 3331 621 3392 memoravimus:
636 3342 769 3382 manserat
782 3333 931 3392 animosus,
949 3342 975 3382 et
987 3329 1066 3390 ,elutis
1080 3333 1137 3382 ani-

87 3414 154 3478 mis,
166 3410 297 3481 usquead
310 3423 436 3480 mortem,
449 3406 540 3460 dicens
552 3430 558 3457 z
572 3424 646 3462 utere
657 3423 728 3460 sorte
742 3423 796 3462 tua.
811 3409 903 3460 Elatus
918 3420 1005 3460 autem
1018 3411 1090 3460 venit
1103 3409 1137 3461 ab

86 3490 175 3561 effero
182 3527 192 3555 ,
204 3487 303 3553 extuli,
316 3487 425 3541 elatum.
438 3488 483 3538 Est
496 3503 584 3541 autem
596 3488 769 3560 metaphora,
781 3501 887 3558 sumpta
898 3487 933 3539 ab
945 3490 1021 3558 equis
1034 3490 1138 3540 animoh

89 3573 125 3622 sis
139 3581 165 3620 et
175 3568 311 3638 superbis,
322 3571 368 3639 qui
378 3570 454 3621 freno
465 3568 607 3620 coercendi
620 3581 695 3633 sunt,
709 3571 812 3638 quoties
823 3568 964 3619 ferociunt.
976 3564 1038 3618 Sola
1047 3580 1136 3619 autem

88 3667 163 3703 mors
173 3648 202 3700 id
212 3649 403 3720 potestzunde
416 3669 431 3700 a
446 3649 574 3701 Juvenale
588 3647 702 3712 dictum,
725 3651 786 3700 Juv.
805 3649 858 3701 Sat.
879 3650 904 3712 1,
929 3647 984 3718 163.
1005 3678 1037 3688 -
1056 3647 1137 3700 Nulli

87 3728 176 3804 pravis
188 3739 226 3780 est
237 3747 368 3798 percussus
379 3726 508 3804 Aclu‘lles.¹
521 3729 556 3780 A:
570 3757 604 3768 -
622 3729 681 3781 282.
704 3729 768 3799 Quoe
785 3747 907 3802 magnos,
921 3746 1067 3808 paruosque
1083 3741 1132 3780 etc.

90 3809 163 3876 Quin
178 3810 268 3861 omnia
280 3823 351 3859 mors
363 3806 446 3875 tollit,
712 3807 715 3813 '
1001 3806 1003 3812 ’

563 3875 567 3886 ’
604 3884 726 3939 Crudelis
739 3884 879 3956 ademptos

199 3967 264 4020 Cum
277 3967 385 4039 populis
396 3985 471 4040 reges
482 3979 573 4036 vorat,
585 3981 611 4020 et
623 3967 770 4020 victoribus
781 3968 846 4036 ipsis

198 4049 340 4102 Involvens
351 4050 437 4101 victos
449 4049 499 4102 sub
511 4049 607 4103 eodem
617 4049 720 4122 gurgite
732 4049 836 4119 mergit.

922 4134 966 4188 28.
