2736 4598
402 263 504 351 'Aa
528 286 729 354 urnuuu
752 294 790 358 x.
990 361 992 368 ,
1077 237 1144 388 19,⁸

90 411 125 466 de
135 429 192 484 qua
203 424 306 464 veteres
315 410 428 477 fabulae,
440 425 581 482 poetarum
594 417 754 468 carminibus
768 407 926 483 decantata,
939 421 1013 472 fuere
1030 422 1137 493 plures;

89 493 189 562 quibus
203 509 325 544 caussam
335 489 409 542 dedit
420 488 573 542 Graecorum
582 494 730 562 priscorum
743 495 888 564 iirnepan‘e
899 499 927 547 in
938 498 979 550 his
989 499 1064 566 locis,
1074 502 1139 554 dum

88 571 208 638 Padum,
221 590 242 622 s.
255 570 417 638 Eridanum,
432 573 459 622 in
471 572 596 642 Ligurum
608 571 706 625 finibus
718 593 750 626 ex
761 589 850 628 monte
865 578 964 630 Vesulo
979 592 1067 632 ortum
1084 601 1139 638 una

90 671 153 704 cum
165 652 240 702 ostiis
250 663 277 702 et
288 651 407 715 succino,
418 662 475 702 tum
485 650 677 708 Phaethontem
689 665 715 704 et
724 652 843 725 Cygnum
854 655 888 707 ad
895 657 1004 727 Liguras
1014 659 1137 713 retulere.

88 729 256 800 Pherecydes
270 731 371 798 primus
383 729 537 781 fabularum
554 730 651 782 harum
668 745 762 784 auctor
775 735 856 786 fuisse
872 735 995 791 videtur:
1008 740 1103 792 saltem
1116 744 1138 793 ia

89 811 194 880 primns
210 809 357 862 Eridanum
378 809 461 862 edidit
482 809 630 862 secundum
649 813 782 884 Hyginum
802 815 858 866 lab.
883 814 947 884 1543
968 819 1086 873 fabulam
1105 821 1139 873 de

89 889 258 942 Phaethonte
270 902 296 942 et
307 888 451 942 Heliadum
463 889 561 942 electro
572 893 651 962 primi
663 892 810 965 AEschylua
818 895 987 964 Philoxenus,
995 901 1140 968 Nicander,

90 969 250 1042 Euripides,
266 969 390 1042 Satyrus,
407 973 549 1024 commenti
566 990 623 1024 esse
637 972 798 1025 videbantur
809 975 894 1026 Plinio
911 977 1048 1045 XXXVII,
1068 999 1097 1046 n,
1117 999 1138 1032 s.

93 1068 143 1116 tt,
160 1069 181 1102 1.
194 1052 318 1123 Inprimis
328 1053 434 1124 Tragici
446 1053 474 1103 in
485 1052 527 1104 his
537 1053 636 1106 fabulis
648 1054 698 1105 sibi
709 1055 880 1126 placuerant,
892 1058 1021 1112 audebas
1033 1061 1140 1113 fabulas

91 1127 204 1201 τραγικὴ
220 1132 273 1184 ritu
293 1130 412 1204 appellat
423 1132 514 1204 Polyb.
528 1135 568 1198 11,
586 1135 632 1200 16,
649 1135 688 1186 13.
704 1137 754 1186 fuit
766 1137 793 1187 in
804 1136 846 1188 his
861 1157 983 1211 quoqne,
1001 1140 1075 1212 qnod
1089 1161 1141 1212 pos·

91 1211 152 1283 pnli
164 1209 199 1261 ad
206 1209 306 1263 Padum
315 1213 378 1264 atris
385 1211 503 1264 vestibus
514 1213 671 1264 utebantur:
682 1215 839 1280 μιλιιιίμοιος
851 1232 941 1270 erant:
954 1219 1027 1291 quod
1039 1241 1053 1272 a
1066 1221 1141 1276 luctu

90 1303 205 1362 propter
215 1290 388 1343 Phaethontis
401 1309 492 1344 casum
503 1294 532 1344 in
543 1311 646 1345 morem
660 1294 757 1347 abiisse
769 1310 906 1349 narratum
917 1313 982 1352 erat.
996 1302 1035 1352 De
1046 1304 1141 1354 ceteris

91 1369 147 1422 vid.
160 1369 224 1419 Not.
238 1368 272 1420 ad
282 1387 307 1419 v.
325 1369 372 1421 185
384 1388 439 1440 seq.
453 1372 525 1421 coni.
537 1389 595 1441 sup.
609 1373 716 1424 Excurs.
730 1375 741 1423 l
753 1373 789 1426 ad
799 1375 844 1426 lib.
859 1377 915 1428 Vll·

128 1447 265 1500 Claudunt
277 1466 371 1519 agmen
381 1451 519 1520 quingenti
529 1450 677 1503 Mantuani
684 1451 753 1504 duce
763 1453 836 1506 Ocno
843 1473 867 1504 v.
881 1457 968 1525 198—-
976 1475 1040 1523 212,
1050 1463 1143 1529 quern,

92 1527 197 1580 Tiberis
214 1538 240 1578 et
257 1527 363 1578 Mantus
376 1527 473 1593 lilium,
493 1529 633 1582 Mantuam
652 1531 818 1600 condidisse,
830 1547 856 1585 et
865 1539 958 1587 matris
971 1556 1068 1592 nomen
1080 1540 1141 1592 urbi

92 1610 252 1680 imposuisse
272 1621 414 1679 acceperat
432 1609 517 1662 Maro.
538 1611 660 1663 Mantuoe
681 1613 812 1683 originem
831 1617 1041 1686 antiquissimam
1059 1621 1143 1672 fuisse

93 1708 203 1742 necesse
213 1701 266 1754 cat,
280 1707 361 1761 quum
373 1702 455 1760 poeta
468 1690 566 1743 adhaec
574 1704 695 1762 tempora
707 1712 765 1744 eam
778 1696 878 1748 referre
891 1716 971 1750 ausus
983 1701 1024 1750 sit.
1038 1700 1141 1752 Tiberis

94 1770 164 1822 lilius
180 1787 236 1820 non
248 1769 317 1821 male
333 1769 441 1821 habitus
460 1770 564 1835 Ocnus,
578 1788 660 1841 quum
673 1772 707 1823 ab
719 1773 837 1826 Etruscis
850 1775 958 1829 condita
969 1781 1050 1830 fuerit
1062 1780 1142 1832 Man-

93 1865 141 1902 tua
160 1863 231 1918 tum,
249 1867 331 1919 quum
351 1850 397 1914 iis,
418 1850 463 1919 qui
482 1867 514 1902 ea
533 1849 593 1901 loca
604 1849 772 1915 incolebant,
792 1851 913 1906 barbaris
929 1856 1058 1925 expulsis,
1077 1857 1140 1912 loca

93 1931 164 1982 ultra
171 1930 340 2000 Apenninum
350 1927 389 1978 illi
400 1941 528 1980 tenerent.
538 1929 632 1980 Manto
643 1943 732 1982 autem
739 1933 846 1983 Tiresiae
859 1931 927 1997 lilia,
936 1947 1022 1986 mater
1032 1938 1056 1986 ei
1068 1933 1140 1997 data,

93 2009 242 2064 secundum
254 2007 369 2071 eundem
380 2008 516 2079 vulgarem
527 2010 709 2062 Romanorum
725 2029 856 2074 errorem,
875 2029 928 2082 qno
940 2013 1047 2065 urbium
1058 2013 1142 2070 ltaliae

94 2091 206 2144 nomina
217 2101 244 2140 et
255 2089 370 2158 origines
382 2107 397 2138 a
409 2087 508 2140 Graecis
519 2088 692 2159 repetebant:
707 2108 760 2160 qna
772 2089 843 2142 dere
855 2092 919 2142 satis
931 2094 959 2143 in
970 2093 1092 2146 Excurss.
1106 2092 1142 2144 ad

95 2172 142 2223 lih.
160 2169 207 2219 Vll
224 2167 391 2220 dictumest.
409 2167 501 2220 Ocnus
515 2181 604 2220 autem
615 2168 674 2233 hic,
685 2168 729 2220 vel
747 2170 869 2235 Annuus,
888 2171 963 2225 nullo
984 2171 1065 2224 modo
1080 2191 1142 2224 cum

94 2252 249 2302 Graecorum
265 2248 342 2302 Ocno
359 2261 399 2300 est
416 2247 636 2314 confundendus,
657 2267 735 2320 quem
751 2252 780 2301 in
791 2250 858 2302 loeis
871 2253 963 2304 inferis
975 2253 1143 2307 collocarunt

94 2330 219 2384 nonnulli
231 2347 262 2382 ex
273 2331 369 2400 poetis.
388 2329 501 2380 Diversa
513 2328 546 2380 de
558 2329 635 2381 Ocno
654 2330 721 2382 alios
734 2344 760 2383 et
774 2330 807 2382 de
819 2333 934 2384 Mantua
948 2336 1049 2405 origine
1062 2333 1144 2386 tradi·

94 2414 179 2476 disse,
191 2429 224 2462 cx
235 2409 325 2462 Servio
343 2409 378 2461 ad
389 2428 415 2459 v.
433 2409 480 2476 198
494 2409 587 2482 colligi
596 2422 697 2481 potest;
717 2413 826 2464 fuerunt
843 2415 976 2486 enim1qui
987 2417 1143 2467 vBononiam

96 2509 219 2562 quoque,
232 2487 296 2539 olim
304 2487 452 2553 Felsinam,
463 2488 497 2540 ab
510 2507 542 2540 eo
555 2489 691 2542 conditam
703 2490 854 2542 traderent:
866 2505 893 2544 at
901 2493 1043 2545 Mantuam
1053 2513 1070 2545 a
1077 2495 1143 2545 Tar-

95 2571 192 2623 chonte
205 2565 341 2620 conditam
351 2581 526 2620 narraverant
536 2568 594 2636 alii,
604 2570 796 2640 Mantuamque
806 2571 867 2622 ideo
877 2574 1054 2638 nominatam,
1068 2572 1142 2643 quod

94 2651 208 2701 Etrusca
218 2647 309 2718 lingna
322 2645 432 2697 Mantus
445 2645 491 2698 Dis
504 2660 581 2717 pater
598 2661 652 2712 est,
670 2650 713 2700 cui
725 2649 818 2700 urbem
837 2654 1009 2702 consecrarit.
1023 2651 1088 2716 Quae
1102 2669 1142 2704 se·

97 2741 217 2802 quantur
226 2745 251 2778 v.
265 2743 311 2776 nor
322 2755 356 2768 -—
365 2725 539 2784 interamna
551 2728 621 2780 dives
632 2729 702 2779 avis:
715 2729 759 2780 sed
767 2747 820 2781 non
827 2731 1037 2800 qenasomnibus
1046 2748 1141 2790 anum,-

98 2810 166 2863 Gens
182 2804 224 2857 illi
237 2802 347 2874 triplex,
358 2801 455 2875 populi
465 2806 512 2858 sul>
521 2807 734 2877 penteqaaterni
740 2844 749 2870 ,
763 2807 824 2874 Ipsa
835 2819 916 2876 caput
924 2806 1046 2878 populis,
1058 2809 1141 2860 Tusco

96 2891 128 2942 de
137 2886 268 2959 sanquine
279 2884 361 2948 vires,
374 2883 519 2956 plurimum
530 2885 632 2938 hahent
644 2886 822 2937 obscuritatis.
835 2885 918 2938 Servii
929 2900 993 2938 nota
1004 2885 1039 2938 ad
1050 2906 1075 2938 v.
1091 2903 1138 2938 201

95 2983 122 3022 et
135 2985 185 3019 noa
199 2964 343 3017 admodum
355 2976 481 3034 corrupta
495 2977 520 3016 et
533 2965 648 3018 obscura
657 2977 710 3030 est,
722 2979 749 3016 et
761 2977 890 3034 quantum
901 2965 1019 3035 intelligo
1030 2983 1061 3016 ex
1070 2965 1140 3021 binis

95 3043 361 3118 interpretationibus
375 3043 486 3094 diversis
499 3043 622 3096 conflata.
635 3043 727 3096 Altera
736 3042 792 3094 haec
802 3065 807 3094 :
819 3057 848 3094 ut
857 3045 972 3096 Mamaea
984 3059 1032 3095 tres
1043 3043 1140 3094 habue-

95 3128 132 3178 rit
144 3126 238 3183 tribus,
250 3139 308 3195 quae
320 3122 347 3172 iu
357 3132 497 3194 quaternas
506 3122 592 3173 carias
600 3122 792 3174 dividebantur.
802 3124 841 3173 Ita
853 3121 969 3172 dicerem
987 3121 1036 3173 suh
1053 3121 1141 3174 Gallo-

96 3227 156 3259 rum
164 3205 343 3258 incursionem
352 3203 479 3256 Etruscos
489 3221 521 3258 ert
530 3205 625 3255 ceteris
635 3204 671 3252 XI
681 3202 832 3253 civitatibus
844 3201 1057 3272 circumpadanis
1064 3204 1141 3255 Man·

96 3300 170 3338 tuam
188 3281 358 3345 confluxisse,
377 3293 404 3332 et
422 3283 504 3338 fuisse
516 3284 543 3332 in
555 3294 607 3336 tres
621 3281 705 3335 tribus
717 3280 879 3351 descriptos,
897 3299 1009 3351 quarum
1028 3301 1140 3354 quaeque

96 3378 214 3438 quatuor
226 3356 318 3414 demna
330 3361 456 3426 haberat,
477 3380 545 3433 quos
563 3362 689 3434 Virgilius
706 3360 816 3433 populor
831 3361 905 3414 dixit.
918 3364 1071 3416 Verum-sic
1084 3384 1140 3418 non

94 3457 204 3518 poterat
215 3445 326 3494 Mantua
338 3441 392 3492 dici
404 3453 485 3511 caput
496 3442 536 3494 bis
545 3441 660 3514 populis.
676 3442 769 3514 attigit
781 3442 870 3494 locum
880 3445 922 3495 Jo.
934 3444 976 3494 Fr.
990 3445 1139 3500 Gronovius

95 3525 132 3578 ad
144 3524 199 3574 Liv.
212 3523 249 3585 V,
262 3521 310 3585 34,
321 3519 369 3584 35,
383 3530 409 3572 et
418 3531 524 3590 gentem
538 3518 668 3592 triplicem
680 3522 777 3590 accipit
789 3533 842 3572 tres
854 3524 984 3592 regiones.
997 3523 1083 3578 Docet
1094 3525 1139 3580 ille

95 3603 205 3676 quidem
217 3619 250 3654 eo
262 3600 324 3651 loco
339 3601 462 3670 copiose,
472 3612 562 3674 pentes
574 3613 599 3652 et
609 3599 722 3672 populos
731 3619 798 3671 saepe
808 3603 935 3672 conjungi
946 3603 1019 3672 apud
1028 3607 1140 3677 scripto-

94 3703 150 3750 res,
163 3695 190 3736 et
202 3694 294 3753 patere
312 3692 420 3752 gentem
439 3679 532 3744 latius,
546 3675 673 3752 tic'posse
693 3681 742 3732 sub
759 3668 787 3732 se
798 3681 1032 3751 comprehendere
1049 3687 1139 3757 plures

94 3763 224 3836 populna,
238 3761 271 3812 de
292 3778 344 3830 quo
365 3778 443 3813 nemo
460 3761 539 3812 facile
556 3761 667 3814 dubitet.
681 3763 779 3814 Verum
791 3759 847 3812 hare
862 3764 952 3816 omnia
965 3764 1148 3837 virgilianum,
1168 3820 1170 3828 ,

94 3844 184 3897 locum
196 3859 293 3912 parum
305 3839 458 3910 expediunt.
471 3841 491 3889 F
493 3859 524 3891 ac
541 3843 613 3892 enim
623 3840 676 3910 hoc
688 3842 724 3892 ita
737 3859 764 3892 se
776 3840 876 3894 habere
890 3864 896 3892 ι
910 3843 1047 3896 Mantuam
1058 3843 1137 3915 (aut,

95 3922 169 3994 quod
179 3919 285 3984 malim,
296 3937 388 3991 agrum
397 3920 573 3972 Mantuanum
580 3919 591 3991 )
599 3920 725 3974 hahuisse
735 3933 787 3972 tres
799 3922 935 3992 regiones,
947 3940 1059 3992 quarum
1069 3944 1140 3996 qute-

96 4021 147 4073 que
162 4001 313 4058 contineret
330 4012 452 4083 ,quatuor¹
462 3998 578 4072 populos
595 4000 637 4072 (h.
651 4014 814 4070 conventus,
827 3998 938 4074 ὅμως),
958 4021 993 4054 an
1005 4005 1038 4058 da
1050 4008 1138 4076 prisca

161 4096 188 4166 4·
934 4097 964 4157 ιδ
