2724 4600
356 298 592 364 muamus
615 301 767 365 trena
790 303 829 367 x.
1054 306 1113 394 169
1189 401 1190 404 q

73 422 245 512 AEqualem
258 421 499 511 comitemque:
513 445 576 487 una
591 445 690 511 quem
701 440 798 488 nocte
810 423 947 490 Theano

74 531 113 592 ln
125 529 236 594 lucem
248 527 523 616 genitorihmyco
537 527 641 608 dedit,
655 546 688 592 et
700 529 771 594 face
783 553 953 620 praegnans

74 634 193 698 Cisseis
206 634 318 720 regina
331 633 542 712 Parin3Paris
554 632 636 697 urbe
647 650 783 720 paterna
1072 649 1116 710 705¹

74 737 401 824 Occubat3'ignarum
413 740 560 803 Laurens
571 737 670 802 habet
682 763 739 802 ora
750 736 917 804 Mimanta.

72 846 119 908 Ac
131 845 224 908 velut
235 844 290 908 ille
302 867 421 910 canum
432 865 545 908 morsu
558 843 601 908 de
612 843 780 910 montibus
793 844 865 909 altis

73 1024 135 1072 bene
145 1030 247 1073 restituit
257 1027 335 1075 Heins.
345 1029 384 1076 Est
395 1043 418 1075 et
426 1029 489 1092 apud
496 1030 621 1075 Homerum
629 1025 743 1079 Ebutbit.
754 1030 841 1076 Eodem
851 1028 959 1076 alludunt
970 1028 1116 1074 librariorum

74 1097 248 1145 aberrationes:
259 1099 374 1155 Euanthen,
390 1099 523 1155 Euanthen,
537 1099 614 1162 vulga.
629 1101 755 1145 Eventem:
769 1100 834 1162 quod
845 1101 910 1145 Rom.
920 1099 997 1144 babet.
1008 1099 1120 1142 Errantem

74 1168 169 1214 Vratisl.
181 1171 290 1216 Orantem
299 1174 380 1217 Franc.
393 1174 526 1217 illicientem
534 1167 651 1230 Μίμαντα
660 1171 708 1230 jam
720 1171 959 1217 Pier.emendavite1
971 1170 1035 1213 Rom.
1048 1166 1117 1228 Vulg.

74 1237 195 1292 Minoum,
214 1239 253 1284 alii
272 1241 403 1296 Minentha,
424 1244 536 1296 Minenti,
555 1242 657 1294 Minuta,
677 1239 800 1299 Myrinthe,
814 1243 951 1294 llh'nuntem,
965 1240 1073 1283 Nemota.
1087 1257 1119 1270 -

75 1308 128 1367 703.
142 1304 232 1355 erare.
243 1312 272 1355 At
284 1311 319 1356 ed.
331 1311 384 1357 Ald.
398 1329 434 1374 pr.
446 1325 468 1358 et
479 1311 535 1357 hine
546 1311 656 1374 proiectae
675 1311 778 1367 Theano,
789 1314 868 1374 sicque
885 1311 954 1356 codd.
967 1307 1049 1354 multi:
1062 1309 1118 1351 item

78 1380 168 1434 Teuna,
181 1378 287 1426 Theama.
295 1407 327 1418 -
339 1382 391 1444 7⁰4·
404 1385 484 1430 Arns'co
498 1382 528 1428 al.
540 1386 639 1446 penitere
648 1382 735 1442 Amyco
748 1381 848 1428 Bentleii
862 1381 1001 1428 emendatio.
1012 1397 1034 1425 v.
1046 1378 1076 1423 ad
1085 1392 1118 1423 vs.

74 1461 141 1509 sequ.
156 1458 182 1494 ut
188 1450 244 1511 face
258 1450 357 1498 malebat
367 1455 458 1509 Heius,
473 1454 514 1500 sed
525 1463 548 1499 et
556 1455 712 1500 inversionem
723 1455 821 1515 poetice
830 1454 929 1503 orationi
941 1461 1119 1497 consentaneam

75 1517 139 1563 lacit.
151 1536 257 1584 proepnas
267 1523 304 1568 ed.
317 1525 396 1579 Junt.‚
408 1536 434 1570 ut
450 1524 505 1570 alibi
517 1525 634 1571 scribendi
650 1540 700 1570 mos
715 1524 822 1580 hahetur.
835 1549 866 1562 -
875 1524 928 1585 705.
941 1525 1017 1568 Parim
1030 1519 1119 1582 aliquot

76 1586 157 1633 Heins.
174 1605 228 1634 cum
247 1591 307 1638 binis
319 1593 402 1649 Goth„
415 1606 438 1640 et
449 1597 552 1656 agnoscit
563 1596 663 1640 Carisius
677 1594 717 1640 lib.
740 1596 758 1638 1.
778 1594 847 1653 Quod
865 1593 1004 1656 sequebatur
1020 1592 1045 1635 in
1063 1587 1117 1634 edd.

75 1656 146 1712 Parin
157 1669 220 1704 creat
233 1662 333 1718 (Medic.
349 1680 361 1708 a
374 1679 405 1708 m.
421 1681 457 1726 pr.
473 1666 563 1727 crepat)
576 1665 628 1710 luce
641 1664 725 1710 clarius
736 1676 785 1710 erat
796 1666 877 1710 vitium
889 1679 894 1708 :
907 1675 932 1708 ut
943 1661 1003 1707 illud
1012 1674 1060 1705 non
1074 1657 1120 1702 du-

76 1724 132 1770 dum
153 1729 269 1776 sublatum
288 1734 371 1778 merito
389 1736 513 1780 mirareris.
534 1734 597 1792 Quid
615 1737 691 1780 enim:
704 1736 784 1779 Cisseis
798 1737 873 1798 sepina
887 1735 956 1778 Parin
973 1739 1051 1777 creat:
1065 1726 1119 1772 urhe

74 1805 171 1859 patema
192 1800 307 1847 Occuhat:
326 1807 377 1866 quis
396 1806 491 1868 quaesoi'
507 1805 619 1852 Mendum
639 1805 814 1851 subolfecerunt
830 1807 878 1864 jam
894 1803 934 1849 alii
946 1805 989 1848 viri
1005 1800 1119 1862 ingeniosi

76 1867 138 1927 apud
151 1869 266 1927 Pieriam,
276 1873 316 1918 sed
328 1877 345 1919 ii
354 1877 423 1920 situm
435 1875 482 1920 alio
493 1875 549 1921 loeo
558 1876 693 1937 quaerebant
701 1888 724 1920 et
734 1874 901 1921 emendabant:
912 1872 1012 1918 Occulm
1024 1869 1058 1915 hic
1075 1870 1120 1914 Ce-

76 1953 127 1981 rum
143 1940 253 1986 Lauretu.
273 1945 300 1989 Et
317 1939 491 2008 Cuningbamus
510 1947 590 1994 dedit:
612 1946 672 1992 Urbe
685 1955 780 2008 putenm
797 1947 842 1990 Hic
857 1945 939 1990 cubat:
953 1944 1053 1988 Obviam
1070 1950 1118 1994 est,

76 2007 166 2068 Reniits
177 2027 264 2060 nomen
274 2019 398 2077 repetitum
409 2019 536 2065 excidisse:
546 2023 644 2080 ejusque
655 2018 745 2073 locum,
754 2030 865 2063 monente
877 2028 964 2069 metro,
976 2012 1051 2060 aliene
1062 2026 1119 2057 voce

75 2090 138 2125 creat
148 2097 198 2128 esse
210 2084 327 2146 expletum
337 2104 342 2132 :
354 2088 425 2151 idque
437 2089 496 2139 sidit
505 2089 594 2134 dudum
603 2091 746 2135 acutissimus
753 2088 871 2135 Bentleiut
880 2088 910 2134 ad
920 2087 998 2132 Horat.
1009 2083 1081 2146 Epod.
1089 2083 1119 2129 V»

76 2149 118 2206 ²32
131 2165 155 2198 et
171 2153 249 2215 legere
260 2159 342 2219 jussit:
356 2160 435 2206 Cisseis
451 2165 526 2225 repina
540 2163 624 2206 Parim.
640 2163 705 2206 Puris
717 2160 770 2206 urhe
783 2178 806 2222 p.
819 2163 847 2206 Et
863 2162 895 2206 sic
915 2171 948 2205 est
964 2156 1027 2202 ltaud
1045 2155 1118 2200 dubie

76 2219 216 2284 legendum,
226 2227 306 2289 judice
319 2247 412 2294 quoque
428 2232 568 2278 subtilissimi
588 2234 675 2294 ingenii
693 2235 756 2288 viro,
775 2231 925 2287 Marklando,
939 2229 969 2276 ad
983 2229 1048 2273 Statii
1062 2225 1117 2272 silv.

76 2305 100 2352 p.
114 2292 153 2348 43.
165 2295 223 2354 Quae
235 2297 363 2346 lohnsonus
373 2305 397 2346 in
407 2302 538 2348 Aristarcho
548 2304 573 2346 P.
584 2303 618 2354 ll,
628 2319 651 2365 p.
663 2304 692 2348 50
702 2313 781 2347 contra
791 2302 928 2364 disputavit,
940 2300 1041 2346 hominis
1052 2295 1120 2343 cavil-

75 2358 146 2408 lantis
157 2377 211 2410 sunt
223 2370 329 2427 argutia,
340 2386 388 2416 non
401 2373 502 2433 ingenue
512 2373 658 2434 disputantis.
672 2371 740 2417 Aliud
755 2385 800 2428 est,
813 2372 877 2435 quod
886 2374 992 2433 Uptonus
1004 2369 1033 2414 ad
1044 2369 1119 2429 Spen-

75 2446 122 2476 cef·
133 2434 218 2493 (Γαίῃ
231 2436 320 2497 Qtteen)
329 2441 356 2485 T.
369 2443 403 2496 11,
413 2459 438 2503 p.
450 2443 494 2488 362
504 2459 548 2504 pro
557 2442 648 2503 vulgata
659 2442 741 2488 affert:
753 2442 828 2488 solere
837 2454 917 2504 poetas
928 2439 1119 2502 propositionem,

76 2515 128 2562 quae
139 2517 183 2562 per
195 2503 316 2554 relativum
328 2523 377 2555 erat
389 2511 521 2568 efferenda,
537 2513 717 2558 demonstrative
727 2511 820 2558 efferre.
831 2511 876 2557 Sed
888 2526 935 2556 non
945 2509 1003 2556 vidit
1014 2509 1050 2554 vir
1061 2506 1118 2552 doc·

75 2573 188 2629 tissimus,
203 2573 228 2619 h.
245 2575 261 2620 l.
280 2577 328 2624 duo
343 2584 449 2643 opposita
464 2585 546 2645 jungi:
568 2582 639 2638 alter,
659 2581 718 2627 alter
738 2580 785 2628 ille.
796 2582 889 2643 -706.
908 2582 1009 2641 Occupet
1024 2575 1120 2639 aliquod

75 2641 203 2688 Burmann.
217 2657 240 2690 et
251 2647 319 2693 Goth.
333 2653 433 2712 ignotum
443 2653 513 2698 luisse
526 2653 566 2715 qui
579 2651 684 2714 legerent
696 2667 725 2696 er
733 2653 813 2696 Servio
822 2652 923 2712 suspicio
935 2650 974 2694 lit:
987 2659 1010 2693 et
1021 2647 1084 2692 eur„
1093 2647 1119 2690 ils

74 2712 144 2758 codd.
157 2711 251 2762 lituram
265 2719 362 2766 viderat.
379 2722 410 2766 cf.
430 2722 467 2768 ad.
484 2739 505 2769 v.
526 2723 579 2785 705.
593 2745 623 2766 -v
636 2737 691 2784 7⁰7*
702 2735 789 2766 morsus
801 2723 865 2768 Serv.
876 2719 906 2765 ad
918 2720 973 2772 ΧΗ,
985 2717 1007 2773 h.

78 2890 107 2925 sa
130 2873 164 2925 ab
191 2874 237 2926 illa
256 2878 489 2952 Homeri—704.
513 2881 577 2951 face
622 2899 678 2933 esse
693 2880 981 2948 fatisui,utiquoque
998 2873 1117 2925 Serv.-

75 2967 215 3023 proeqnans
227 2955 324 3020 Cisseis,
330 2960 448 3024 Hecuba,
455 2963 510 3030 jam
517 2977 574 3032 sup.
622 2976 672 3029 7⁰7
684 2989 717 2998 —
732 2960 792 3029 718.
806 2958 939 3027 Exquisite
952 2965 1061 3004 ornatus
1075 2951 1117 3002 lo-

77 3033 138 3095 vll,
156 3034 223 3102 319,
243 3035 302 3087 320.
326 3057 374 3088 nec
390 3039 455 3108 face
473 3051 576 3091 tantum
621 3056 683 3089 cus:
699 3056 778 3106 quem
785 3038 840 3106 jam
850 3038 979 3086 Homerus
988 3044 1119 3083 tractave-

80 3111 168 3162 Cisseis
176 3129 315 3184 proepnans
327 3115 399 3187 ipnes
410 3117 488 3168 enixa
494 3121 577 3190 juqa-
620 3129 662 3168 rat
674 3114 751 3166 lliad.
769 3130 783 3164 λ
790 3152 798 3178 ,
816 3113 868 3180 4ι4
885 3143 912 3152 -
923 3111 974 3180 419
983 3123 1038 3162 tam
1049 3129 1118 3180 prm-

78 3189 121 3242 les.
137 3190 176 3243 De
199 3191 279 3244 Cisseo
295 3213 319 3245 v.
340 3195 375 3246 ad
393 3197 439 3248 lib.
455 3199 491 3263 V,
509 3197 575 3263 536,
621 3194 707 3257 clare,
723 3205 753 3242 ut
769 3194 812 3243 vix
827 3188 987 3242 contendere
1006 3208 1066 3242 cum
1085 3208 1117 3240 eo

79 3269 139 3340 537.
149 3301 185 3310 -
197 3273 256 3341 706.
272 3273 391 3346 iquarum
403 3277 430 3329 h.
443 3277 461 3328 l.
474 3297 523 3349 pro
535 3280 576 3349 iq·
622 3290 782 3343 quemquam
794 3269 892 3322 audere
902 3268 1025 3321 debuisse
1034 3268 1116 3322 dicas.

77 3362 186 3416 notum;
194 3353 312 3421 passive,
320 3367 349 3406 ut
361 3368 387 3406 et
399 3355 463 3407 alibi
474 3359 501 3407 in
511 3375 576 3428 poe.
620 3353 696 3403 Maro
707 3363 795 3401 tamen
808 3361 964 3400 ornamenta
979 3367 1038 3400 cum
1051 3348 1117 3412 alis,

79 3431 127 3495 tis,
139 3447 163 3479 v.
175 3449 198 3480 c.
211 3429 576 3502 Ovid,M01‚V11‚404Jam.
621 3442 677 3480 turn
688 3428 744 3480 haec
757 3428 864 3492 attulit,
879 3427 964 3497 quod,
980 3445 1061 3497 quum
1080 3427 1119 3480 ibi

78 3526 129 3579 que
145 3509 236 3559 aderat
254 3509 364 3564 Theseus
380 3511 466 3581 proles
484 3515 577 3586 iynara
622 3509 777 3580 simpliciter
785 3520 855 3559 esset
863 3519 1119 3577 memoratumpro·

76 3587 191 3656 parenti.
202 3587 301 3640 Eadem
312 3603 405 3658 nocte,
417 3592 465 3643 sed
477 3591 578 3662 dispari
623 3587 679 3639 dire
697 3606 791 3658 aprum
804 3605 835 3638 ex
848 3587 901 3638 alto
920 3588 1044 3639 fruticeto
1057 3608 1062 3637 :
1077 3582 1119 3637 οἶσι

78 3667 135 3718 fato
154 3669 212 3718 nati
228 3681 298 3720 sunt,
311 3669 422 3723 Alterin
436 3672 578 3742 pan-1300.
622 3666 723 3727 βαθείης
740 3667 765 3716 s'u
781 3664 904 3734 ξυλόχοιο,
923 3679 1046 3718 accurate
1058 3667 1119 3720 loca

80 3745 186 3808 cubuit,
208 3746 275 3799 alter
296 3749 323 3798 in
344 3762 416 3801 terra
432 3748 579 3820 longinqua
623 3747 776 3818 descripsit,
792 3766 918 3818 aprorum
930 3748 1080 3816 frequentia
1092 3760 1119 3800 et
1175 3813 1178 3821 ,

80 3825 186 3892 ignotus
194 3826 275 3893 jacet.
286 3829 357 3878 conf.
369 3827 436 3878 Gell.
448 3828 501 3893 tx,
515 3845 544 3878 12
557 3829 578 3880 f.
622 3829 776 3898 prestantia
794 3827 938 3892 notabilia,
955 3829 983 3877 in
1001 3827 1119 3892 Vesulo,

80 3901 159 3968 Quod
175 3904 198 3954 si
209 3917 285 3956 vetus
297 3904 353 3957 baec
369 3907 513 3974 auctoritas
523 3925 578 3960 non
623 3909 705 3980 quiin
717 3909 841 3980 Ligurum
856 3907 952 3960 linibus
964 3925 1039 3958 mons
1052 3920 1118 3972 erut,

80 3995 160 4050 esset,
184 3983 290 4037 mallem
314 3985 428 4040 dicere:
453 3985 577 4058 ipsiorum
623 3989 766 4042 etiamnum
781 3986 802 4040 il
818 3988 894 4054 Viso,
914 3989 942 4040 in
960 3985 1118 4040 Piedmontii
