<?xml version="1.0" encoding="UTF-8"?>
<!DOCTYPE html PUBLIC "-//W3C//DTD XHTML 1.0 Transitional//EN"
    "http://www.w3.org/TR/xhtml1/DTD/xhtml1-transitional.dtd">
<html xmlns="http://www.w3.org/1999/xhtml" xml:lang="en" lang="en">
 <head>
  <title>
</title>
<meta http-equiv="Content-Type" content="text/html;charset=utf-8" />
  <meta name='ocr-system' content='tesseract 3.04.00' />
  <meta name='ocr-capabilities' content='ocr_page ocr_carea ocr_par ocr_line ocrx_word'/>
</head>
<body>
  <div class='ocr_page' id='page_1' title='image "./pvirgiliusmaroq03barbgoog_0137.png"; bbox 0 0 2724 4600; ppageno 0'>
   <div class='ocr_carea' id='block_1_1' title="bbox 372 310 844 381">
    <p class='ocr_par' dir='ltr' id='par_1_1' title="bbox 372 310 844 381">
     <span class='ocr_line' id='line_1_1' title="bbox 372 310 844 381; baseline 0.019 -8"><span class='ocrx_word' id='word_1_1' title='bbox 372 310 606 377; x_wconf 85' lang='lat' dir='ltr'><strong>AENEIDOS</strong></span> <span class='ocrx_word' id='word_1_2' title='bbox 629 314 781 380; x_wconf 86' lang='lat' dir='ltr'>LIBER</span> <span class='ocrx_word' id='word_1_3' title='bbox 803 316 844 381; x_wconf 89' lang='lat' dir='ltr'>X.</span> 
     </span>
    </p>
   </div>
   <div class='ocr_carea' id='block_1_2' title="bbox 4 428 849 630">
    <p class='ocr_par' dir='ltr' id='par_1_2' title="bbox 4 428 849 630">
     <span class='ocr_line' id='line_1_2' title="bbox 90 428 849 511; baseline 0.013 -19"><span class='ocrx_word' id='word_1_4' title='bbox 90 428 232 494; x_wconf 89' lang='lat' dir='ltr'>Tantum</span> <span class='ocrx_word' id='word_1_5' title='bbox 245 432 381 511; x_wconf 71' lang='lat' dir='ltr'>offatm,</span> <span class='ocrx_word' id='word_1_6' title='bbox 395 448 427 496; x_wconf 90' lang='lat' dir='ltr'>et</span> <span class='ocrx_word' id='word_1_7' title='bbox 439 434 562 500; x_wconf 87' lang='lat' dir='ltr'>interea</span> <span class='ocrx_word' id='word_1_8' title='bbox 574 436 721 501; x_wconf 88' lang='lat' dir='ltr'>revoluta</span> <span class='ocrx_word' id='word_1_9' title='bbox 733 439 849 504; x_wconf 87' lang='lat' dir='ltr'>ruebat</span> 
     </span>
     <span class='ocr_line' id='line_1_3' title="bbox 4 519 837 630; baseline 0.011 -32"><span class='ocrx_word' id='word_1_10' title='bbox 4 591 6 604; x_wconf 90' lang='grc'>,</span> <span class='ocrx_word' id='word_1_11' title='bbox 89 534 216 599; x_wconf 84' lang='lat' dir='ltr'>Matura</span> <span class='ocrx_word' id='word_1_12' title='bbox 223 536 294 624; x_wconf 87' lang='lat' dir='ltr'>jam</span> <span class='ocrx_word' id='word_1_13' title='bbox 305 519 380 601; x_wconf 88' lang='lat' dir='ltr'>luce</span> <span class='ocrx_word' id='word_1_14' title='bbox 393 535 477 616; x_wconf 87' lang='lat' dir='ltr'>dies,</span> <span class='ocrx_word' id='word_1_15' title='bbox 491 555 689 628; x_wconf 90' lang='lat' dir='ltr'>noctemque</span> <span class='ocrx_word' id='word_1_16' title='bbox 702 543 837 630; x_wconf 79' lang='lat' dir='ltr'>iugarat.</span> 
     </span>
    </p>
   </div>
   <div class='ocr_carea' id='block_1_3' title="bbox 4 641 1128 1066">
    <p class='ocr_par' dir='ltr' id='par_1_3' title="bbox 4 641 845 736">
     <span class='ocr_line' id='line_1_4' title="bbox 4 641 845 736; baseline 0.005 -30"><span class='ocrx_word' id='word_1_17' title='bbox 4 717 6 728; x_wconf 28' lang='grc' dir='ltr'>Ι</span> <span class='ocrx_word' id='word_1_18' title='bbox 130 642 297 729; x_wconf 87' lang='lat' dir='ltr'>Principio</span> <span class='ocrx_word' id='word_1_19' title='bbox 309 641 405 707; x_wconf 85' lang='lat' dir='ltr'>sociis</span> <span class='ocrx_word' id='word_1_20' title='bbox 419 641 530 722; x_wconf 87' lang='lat' dir='ltr'>edicit,</span> <span class='ocrx_word' id='word_1_21' title='bbox 544 645 636 732; x_wconf 75' lang='lat' dir='ltr'>signa</span> <span class='ocrx_word' id='word_1_22' title='bbox 648 665 845 736; x_wconf 88' lang='lat' dir='ltr'>sequantur,</span> 
     </span>
    </p>

    <p class='ocr_par' dir='ltr' id='par_1_4' title="bbox 4 748 1128 1066">
     <span class='ocr_line' id='line_1_5' title="bbox 4 748 965 840; baseline 0.012 -33"><span class='ocrx_word' id='word_1_23' title='bbox 4 757 5 760; x_wconf 76' lang='grc'>’</span> <span class='ocrx_word' id='word_1_24' title='bbox 88 749 195 834; x_wconf 78' lang='lat' dir='ltr'>Atque</span> <span class='ocrx_word' id='word_1_25' title='bbox 207 748 335 811; x_wconf 87' lang='lat' dir='ltr'>animos</span> <span class='ocrx_word' id='word_1_26' title='bbox 347 765 461 835; x_wconf 88' lang='lat' dir='ltr'>aptent</span> <span class='ocrx_word' id='word_1_27' title='bbox 471 751 582 829; x_wconf 86' lang='lat' dir='ltr'>arrnis,</span> <span class='ocrx_word' id='word_1_28' title='bbox 597 773 781 840; x_wconf 76' lang='lat' dir='ltr'>pugnaeque</span> <span class='ocrx_word' id='word_1_29' title='bbox 794 771 909 840; x_wconf 87' lang='lat' dir='ltr'>parent</span> <span class='ocrx_word' id='word_1_30' title='bbox 921 778 965 820; x_wconf 89' lang='lat' dir='ltr'>se.</span> 
     </span>
     <span class='ocr_line' id='line_1_6' title="bbox 87 851 1128 940; baseline 0.009 -26"><span class='ocrx_word' id='word_1_31' title='bbox 87 851 227 939; x_wconf 84' lang='lat' dir='ltr'>Jamque</span> <span class='ocrx_word' id='word_1_32' title='bbox 240 853 275 916; x_wconf 92' lang='lat' dir='ltr'>in</span> <span class='ocrx_word' id='word_1_33' title='bbox 287 871 467 940; x_wconf 88' lang='lat' dir='ltr'>conspectu</span> <span class='ocrx_word' id='word_1_34' title='bbox 478 857 625 920; x_wconf 87' lang='lat' dir='ltr'>Teucros</span> <span class='ocrx_word' id='word_1_35' title='bbox 638 855 738 921; x_wconf 87' lang='lat' dir='ltr'>habet</span> <span class='ocrx_word' id='word_1_36' title='bbox 750 874 783 921; x_wconf 90' lang='lat' dir='ltr'>et</span> <span class='ocrx_word' id='word_1_37' title='bbox 794 881 852 922; x_wconf 87' lang='lat' dir='ltr'>sua</span> <span class='ocrx_word' id='word_1_38' title='bbox 863 877 981 940; x_wconf 83' lang='lat' dir='ltr'>castra,</span> <span class='ocrx_word' id='word_1_39' title='bbox 1083 877 1128 923; x_wconf 55' lang='grc' dir='ltr'>,σο</span> 
     </span>
     <span class='ocr_line' id='line_1_7' title="bbox 5 957 1003 1066; baseline 0.011 -45"><span class='ocrx_word' id='word_1_40' title='bbox 5 1041 6 1066; x_wconf 22' lang='grc' dir='ltr'>ἢ</span> <span class='ocrx_word' id='word_1_41' title='bbox 88 957 180 1022; x_wconf 83' lang='lat' dir='ltr'>Stans</span> <span class='ocrx_word' id='word_1_42' title='bbox 194 960 281 1024; x_wconf 87' lang='lat' dir='ltr'>celsa</span> <span class='ocrx_word' id='word_1_43' title='bbox 292 960 326 1023; x_wconf 91' lang='lat' dir='ltr'>in</span> <span class='ocrx_word' id='word_1_44' title='bbox 338 962 458 1048; x_wconf 81' lang='lat' dir='ltr'>puppi3</span> <span class='ocrx_word' id='word_1_45' title='bbox 471 963 614 1049; x_wconf 90' lang='lat' dir='ltr'>clipeum</span> <span class='ocrx_word' id='word_1_46' title='bbox 628 987 730 1051; x_wconf 89' lang='lat' dir='ltr'>quum</span> <span class='ocrx_word' id='word_1_47' title='bbox 743 963 863 1029; x_wconf 88' lang='lat' dir='ltr'>deinde</span> <span class='ocrx_word' id='word_1_48' title='bbox 876 968 1003 1032; x_wconf 87' lang='lat' dir='ltr'>sinistra</span> 
     </span>
    </p>
   </div>
   <div class='ocr_carea' id='block_1_4' title="bbox 5 1061 908 1134">
    <p class='ocr_par' dir='ltr' id='par_1_5' title="bbox 5 1061 908 1134">
     <span class='ocr_line' id='line_1_8' title="bbox 5 1061 908 1134; baseline 0.004 -4"><span class='ocrx_word' id='word_1_49' title='bbox 5 1067 6 1130; x_wconf 57' lang='lat' dir='ltr'>l</span> <span class='ocrx_word' id='word_1_50' title='bbox 88 1061 211 1127; x_wconf 81' lang='lat' dir='ltr'>Extulit</span> <span class='ocrx_word' id='word_1_51' title='bbox 223 1063 404 1128; x_wconf 81' lang='lat' dir='ltr'><strong>ardentem.</strong></span> <span class='ocrx_word' id='word_1_52' title='bbox 418 1065 603 1131; x_wconf 85' lang='lat' dir='ltr'>Clamorem</span> <span class='ocrx_word' id='word_1_53' title='bbox 615 1067 657 1131; x_wconf 88' lang='lat' dir='ltr'>ad</span> <span class='ocrx_word' id='word_1_54' title='bbox 669 1068 775 1133; x_wconf 88' lang='lat' dir='ltr'>sidera</span> <span class='ocrx_word' id='word_1_55' title='bbox 787 1069 908 1134; x_wconf 88' lang='lat' dir='ltr'>tollunt</span> 
     </span>
    </p>
   </div>
   <div class='ocr_carea' id='block_1_5' title="bbox 5 1169 1127 1474">
    <p class='ocr_par' dir='ltr' id='par_1_6' title="bbox 5 1163 1127 1474">
     <span class='ocr_line' id='line_1_9' title="bbox 88 1169 891 1260; baseline 0.01 -28.157"><span class='ocrx_word' id='word_1_56' title='bbox 88 1169 538 1260; x_wconf 69' lang='lat' dir='ltr'>Dardanidaeemuri329pes</span> <span class='ocrx_word' id='word_1_57' title='bbox 550 1172 662 1243; x_wconf 87' lang='lat' dir='ltr'>addita</span> <span class='ocrx_word' id='word_1_58' title='bbox 673 1177 807 1240; x_wconf 87' lang='lat' dir='ltr'>suscitat</span> <span class='ocrx_word' id='word_1_59' title='bbox 819 1177 891 1240; x_wconf 77' lang='lat' dir='ltr'>iras·</span> 
     </span>
     <span class='ocr_line' id='line_1_10' title="bbox 5 1273 875 1366; baseline 0.01 -29"><span class='ocrx_word' id='word_1_60' title='bbox 5 1301 6 1304; x_wconf 42' lang='lat'>¹</span> <span class='ocrx_word' id='word_1_61' title='bbox 87 1273 168 1338; x_wconf 87' lang='lat' dir='ltr'>Tela</span> <span class='ocrx_word' id='word_1_62' title='bbox 181 1299 281 1340; x_wconf 90' lang='lat' dir='ltr'>manu</span> <span class='ocrx_word' id='word_1_63' title='bbox 289 1277 556 1366; x_wconf 79' lang='lat' dir='ltr'>jaciunt3quales</span> <span class='ocrx_word' id='word_1_64' title='bbox 569 1279 630 1343; x_wconf 87' lang='lat' dir='ltr'>sub</span> <span class='ocrx_word' id='word_1_65' title='bbox 642 1280 786 1346; x_wconf 88' lang='lat' dir='ltr'>nubibus</span> <span class='ocrx_word' id='word_1_66' title='bbox 798 1279 875 1346; x_wconf 87' lang='lat' dir='ltr'>atris</span> 
     </span>
     <span class='ocr_line' id='line_1_11' title="bbox 87 1380 1127 1474; baseline 0.004 -30"><span class='ocrx_word' id='word_1_67' title='bbox 87 1380 280 1470; x_wconf 70' lang='lat' dir='ltr'>Strymoniae</span> <span class='ocrx_word' id='word_1_68' title='bbox 293 1381 373 1446; x_wconf 88' lang='lat' dir='ltr'>dant</span> <span class='ocrx_word' id='word_1_69' title='bbox 384 1384 475 1470; x_wconf 75' lang='lat' dir='ltr'>sigua</span> <span class='ocrx_word' id='word_1_70' title='bbox 487 1405 598 1472; x_wconf 74' lang='lat' dir='ltr'>grues,</span> <span class='ocrx_word' id='word_1_71' title='bbox 611 1403 711 1474; x_wconf 86' lang='lat' dir='ltr'>atque</span> <span class='ocrx_word' id='word_1_72' title='bbox 723 1387 844 1451; x_wconf 85' lang='lat' dir='ltr'>aethera</span> <span class='ocrx_word' id='word_1_73' title='bbox 856 1393 984 1452; x_wconf 86' lang='lat' dir='ltr'>tranant</span> <span class='ocrx_word' id='word_1_74' title='bbox 1084 1400 1127 1449; x_wconf 72' lang='lat'>265</span> 
     </span>
    </p>
   </div>
   <div class='ocr_carea' id='block_1_6' title="bbox 5 1550 1127 1621">
    <p class='ocr_par' dir='ltr' id='par_1_7' title="bbox 5 1550 1127 1621">
     <span class='ocr_line' id='line_1_12' title="bbox 5 1550 1127 1621; baseline 0.007 -27"><span class='ocrx_word' id='word_1_75' title='bbox 5 1601 6 1606; x_wconf 37' lang='lat'>,</span> <span class='ocrx_word' id='word_1_76' title='bbox 86 1550 185 1596; x_wconf 82' lang='lat' dir='ltr'>Dorrill.</span> <span class='ocrx_word' id='word_1_77' title='bbox 202 1551 298 1614; x_wconf 78' lang='lat' dir='ltr'>superbo</span> <span class='ocrx_word' id='word_1_78' title='bbox 316 1567 363 1599; x_wconf 88' lang='lat' dir='ltr'>sec.</span> <span class='ocrx_word' id='word_1_79' title='bbox 382 1553 507 1616; x_wconf 70' lang='lat' dir='ltr'>llamhurg.</span> <span class='ocrx_word' id='word_1_80' title='bbox 520 1579 551 1590; x_wconf 92' lang='lat'>—</span> <span class='ocrx_word' id='word_1_81' title='bbox 563 1555 615 1601; x_wconf 85' lang='grc'><strong>256.</strong></span> <span class='ocrx_word' id='word_1_82' title='bbox 627 1555 715 1618; x_wconf 73' lang='lat' dir='ltr'>afflatus</span> <span class='ocrx_word' id='word_1_83' title='bbox 727 1558 775 1603; x_wconf 90' lang='lat' dir='ltr'>duo</span> <span class='ocrx_word' id='word_1_84' title='bbox 785 1559 864 1602; x_wconf 88' lang='lat' dir='ltr'>Burm.</span> <span class='ocrx_word' id='word_1_85' title='bbox 876 1559 983 1621; x_wconf 78' lang='lat' dir='ltr'>estfatus</span> <span class='ocrx_word' id='word_1_86' title='bbox 992 1555 1061 1604; x_wconf 82' lang='lat' dir='ltr'>Goth.</span> <span class='ocrx_word' id='word_1_87' title='bbox 1073 1569 1127 1604; x_wconf 86' lang='lat' dir='ltr'>tert.</span> 
     </span>
    </p>
   </div>
   <div class='ocr_carea' id='block_1_7' title="bbox 5 1613 1130 1834">
    <p class='ocr_par' dir='ltr' id='par_1_8' title="bbox 5 1613 1130 1834">
     <span class='ocr_line' id='line_1_13' title="bbox 5 1613 1127 1679; baseline 0.008 -16"><span class='ocrx_word' id='word_1_88' title='bbox 5 1613 6 1676; x_wconf 57' lang='lat'>,</span> <span class='ocrx_word' id='word_1_89' title='bbox 85 1628 110 1664; x_wconf 87' lang='lat' dir='ltr'>at</span> <span class='ocrx_word' id='word_1_90' title='bbox 119 1623 204 1666; x_wconf 68' lang='lat' dir='ltr'>nterea</span> <span class='ocrx_word' id='word_1_91' title='bbox 215 1621 273 1667; x_wconf 86' lang='lat' dir='ltr'>alter</span> <span class='ocrx_word' id='word_1_92' title='bbox 283 1622 378 1678; x_wconf 64' lang='lat' dir='ltr'>flama„</span> <span class='ocrx_word' id='word_1_93' title='bbox 390 1639 438 1669; x_wconf 91' lang='lat' dir='ltr'>uon</span> <span class='ocrx_word' id='word_1_94' title='bbox 447 1624 519 1679; x_wconf 89' lang='lat' dir='ltr'>male,</span> <span class='ocrx_word' id='word_1_95' title='bbox 531 1639 584 1670; x_wconf 87' lang='lat' dir='ltr'>cum</span> <span class='ocrx_word' id='word_1_96' title='bbox 596 1627 665 1671; x_wconf 88' lang='lat' dir='ltr'>Goth.</span> <span class='ocrx_word' id='word_1_97' title='bbox 676 1642 723 1673; x_wconf 84' lang='lat' dir='ltr'>sec.</span> <span class='ocrx_word' id='word_1_98' title='bbox 735 1652 767 1663; x_wconf 90' lang='lat'>—-</span> <span class='ocrx_word' id='word_1_99' title='bbox 779 1627 831 1673; x_wconf 85' lang='grc'><strong>258.</strong></span> <span class='ocrx_word' id='word_1_100' title='bbox 841 1628 908 1672; x_wconf 83' lang='lat' dir='ltr'>edicit</span> <span class='ocrx_word' id='word_1_101' title='bbox 918 1632 983 1674; x_wconf 71' lang='lat' dir='ltr'>sociis</span> <span class='ocrx_word' id='word_1_102' title='bbox 995 1637 1021 1674; x_wconf 88' lang='lat' dir='ltr'>ut</span> <span class='ocrx_word' id='word_1_103' title='bbox 1030 1627 1127 1673; x_wconf 86' lang='lat' dir='ltr'>Oudart.</span> 
     </span>
     <span class='ocr_line' id='line_1_14' title="bbox 5 1683 1129 1762; baseline 0.01 -27"><span class='ocrx_word' id='word_1_104' title='bbox 5 1683 9 1700; x_wconf 76' lang='lat'>&#39;</span> <span class='ocrx_word' id='word_1_105' title='bbox 85 1690 145 1737; x_wconf 80' lang='lat' dir='ltr'>bella</span> <span class='ocrx_word' id='word_1_106' title='bbox 163 1701 288 1756; x_wconf 83' lang='lat' dir='ltr'>sequantur</span> <span class='ocrx_word' id='word_1_107' title='bbox 304 1693 398 1740; x_wconf 83' lang='lat' dir='ltr'>Vratisl.</span> <span class='ocrx_word' id='word_1_108' title='bbox 418 1696 466 1740; x_wconf 88' lang='lat' dir='ltr'>Nec</span> <span class='ocrx_word' id='word_1_109' title='bbox 477 1711 533 1741; x_wconf 85' lang='lat' dir='ltr'>vcro</span> <span class='ocrx_word' id='word_1_110' title='bbox 549 1698 574 1742; x_wconf 91' lang='lat' dir='ltr'>in</span> <span class='ocrx_word' id='word_1_111' title='bbox 590 1700 653 1761; x_wconf 80' lang='lat' dir='ltr'>siqua</span> <span class='ocrx_word' id='word_1_112' title='bbox 664 1701 728 1762; x_wconf 79' lang='lat' dir='ltr'>sequi</span> <span class='ocrx_word' id='word_1_113' title='bbox 739 1698 904 1760; x_wconf 75' lang='lat' dir='ltr'>argutandum‚</span> <span class='ocrx_word' id='word_1_114' title='bbox 918 1715 948 1744; x_wconf 88' lang='lat' dir='ltr'>an</span> <span class='ocrx_word' id='word_1_115' title='bbox 965 1715 1014 1746; x_wconf 79' lang='lat' dir='ltr'>aevo</span> <span class='ocrx_word' id='word_1_116' title='bbox 1026 1700 1129 1761; x_wconf 75' lang='lat' dir='ltr'>Trojano</span> 
     </span>
     <span class='ocr_line' id='line_1_15' title="bbox 86 1763 1130 1834; baseline 0.008 -26"><span class='ocrx_word' id='word_1_117' title='bbox 86 1765 151 1825; x_wconf 74' lang='lat' dir='ltr'>sigua</span> <span class='ocrx_word' id='word_1_118' title='bbox 167 1763 276 1810; x_wconf 77' lang='lat' dir='ltr'>militaria</span> <span class='ocrx_word' id='word_1_119' title='bbox 292 1765 424 1812; x_wconf 88' lang='lat' dir='ltr'>habuerint.</span> <span class='ocrx_word' id='word_1_120' title='bbox 436 1793 468 1802; x_wconf 95' lang='lat'>-</span> <span class='ocrx_word' id='word_1_121' title='bbox 480 1768 532 1828; x_wconf 85' lang='grc'><strong>259.</strong></span> <span class='ocrx_word' id='word_1_122' title='bbox 549 1777 629 1829; x_wconf 84' lang='lat' dir='ltr'>optant</span> <span class='ocrx_word' id='word_1_123' title='bbox 639 1769 730 1832; x_wconf 81' lang='lat' dir='ltr'><strong>aliquot</strong></span> <span class='ocrx_word' id='word_1_124' title='bbox 743 1772 821 1816; x_wconf 90' lang='lat' dir='ltr'>Burm.</span> <span class='ocrx_word' id='word_1_125' title='bbox 834 1780 912 1833; x_wconf 81' lang='lat' dir='ltr'>optant</span> <span class='ocrx_word' id='word_1_126' title='bbox 922 1787 967 1817; x_wconf 82' lang='lat' dir='ltr'>sec.</span> <span class='ocrx_word' id='word_1_127' title='bbox 980 1772 1069 1834; x_wconf 74' lang='lat' dir='ltr'>Hagen.</span> <span class='ocrx_word' id='word_1_128' title='bbox 1086 1786 1130 1832; x_wconf 91' lang='lat' dir='ltr'>pro</span> 
     </span>
    </p>
   </div>
   <div class='ocr_carea' id='block_1_8' title="bbox 5 1830 1129 1904">
    <p class='ocr_par' dir='ltr' id='par_1_9' title="bbox 5 1830 1129 1904">
     <span class='ocr_line' id='line_1_16' title="bbox 5 1830 1129 1904; baseline 0.004 -25"><span class='ocrx_word' id='word_1_129' title='bbox 5 1830 9 1845; x_wconf 75' lang='lat'>⁸</span> <span class='ocrx_word' id='word_1_130' title='bbox 86 1851 134 1881; x_wconf 86' lang='lat' dir='ltr'>var.</span> <span class='ocrx_word' id='word_1_131' title='bbox 147 1835 202 1881; x_wconf 88' lang='lat' dir='ltr'>lect.</span> <span class='ocrx_word' id='word_1_132' title='bbox 214 1844 304 1880; x_wconf 86' lang='lat' dir='ltr'>arntant</span> <span class='ocrx_word' id='word_1_133' title='bbox 315 1853 328 1881; x_wconf 88' lang='lat' dir='ltr'>a</span> <span class='ocrx_word' id='word_1_134' title='bbox 339 1852 370 1888; x_wconf 86' lang='lat' dir='ltr'>m.</span> <span class='ocrx_word' id='word_1_135' title='bbox 383 1854 419 1900; x_wconf 87' lang='lat' dir='ltr'>pr.</span> <span class='ocrx_word' id='word_1_136' title='bbox 429 1854 511 1902; x_wconf 74' lang='lat' dir='ltr'>puqaoe</span> <span class='ocrx_word' id='word_1_137' title='bbox 522 1853 549 1884; x_wconf 82' lang='lat' dir='ltr'>ve</span> <span class='ocrx_word' id='word_1_138' title='bbox 562 1837 659 1885; x_wconf 88' lang='lat' dir='ltr'>Oudart.</span> <span class='ocrx_word' id='word_1_139' title='bbox 674 1849 753 1904; x_wconf 82' lang='lat' dir='ltr'>aptent</span> <span class='ocrx_word' id='word_1_140' title='bbox 763 1853 786 1886; x_wconf 89' lang='lat' dir='ltr'>et</span> <span class='ocrx_word' id='word_1_141' title='bbox 796 1850 877 1902; x_wconf 86' lang='lat' dir='ltr'>parent</span> <span class='ocrx_word' id='word_1_142' title='bbox 887 1841 949 1886; x_wconf 87' lang='lat' dir='ltr'>idem</span> <span class='ocrx_word' id='word_1_143' title='bbox 961 1853 1022 1886; x_wconf 81' lang='lat' dir='ltr'>aum.</span> <span class='ocrx_word' id='word_1_144' title='bbox 1034 1867 1064 1876; x_wconf 96' lang='lat'>-</span> <span class='ocrx_word' id='word_1_145' title='bbox 1078 1841 1129 1886; x_wconf 82' lang='lat'>261.</span> 
     </span>
    </p>
   </div>
   <div class='ocr_carea' id='block_1_9' title="bbox 85 1907 1129 2042">
    <p class='ocr_par' dir='ltr' id='par_1_10' title="bbox 85 1907 1129 2042">
     <span class='ocr_line' id='line_1_17' title="bbox 85 1907 1128 1972; baseline 0.002 -22"><span class='ocrx_word' id='word_1_146' title='bbox 85 1921 138 1950; x_wconf 83' lang='lat' dir='ltr'>cum</span> <span class='ocrx_word' id='word_1_147' title='bbox 150 1921 178 1951; x_wconf 82' lang='lat' dir='ltr'>ex</span> <span class='ocrx_word' id='word_1_148' title='bbox 188 1907 248 1952; x_wconf 88' lang='lat' dir='ltr'>Pier.</span> <span class='ocrx_word' id='word_1_149' title='bbox 262 1918 285 1952; x_wconf 93' lang='lat' dir='ltr'>et</span> <span class='ocrx_word' id='word_1_150' title='bbox 294 1907 342 1952; x_wconf 84' lang='lat' dir='ltr'>suis</span> <span class='ocrx_word' id='word_1_151' title='bbox 358 1911 462 1970; x_wconf 82' lang='lat' dir='ltr'>reposuit</span> <span class='ocrx_word' id='word_1_152' title='bbox 472 1909 551 1955; x_wconf 87' lang='lat' dir='ltr'>Heius.</span> <span class='ocrx_word' id='word_1_153' title='bbox 564 1925 608 1970; x_wconf 91' lang='lat' dir='ltr'>pro</span> <span class='ocrx_word' id='word_1_154' title='bbox 618 1909 708 1972; x_wconf 72' lang='lat' dir='ltr'>vulgari</span> <span class='ocrx_word' id='word_1_155' title='bbox 723 1919 777 1954; x_wconf 87' lang='lat' dir='ltr'>tum.</span> <span class='ocrx_word' id='word_1_156' title='bbox 791 1935 822 1944; x_wconf 93' lang='lat'><em>—</em></span> <span class='ocrx_word' id='word_1_157' title='bbox 837 1909 889 1955; x_wconf 79' lang='lat'>263.</span> <span class='ocrx_word' id='word_1_158' title='bbox 902 1926 914 1954; x_wconf 84' lang='lat' dir='ltr'>a</span> <span class='ocrx_word' id='word_1_159' title='bbox 925 1910 1004 1956; x_wconf 87' lang='lat' dir='ltr'>deerat</span> <span class='ocrx_word' id='word_1_160' title='bbox 1016 1911 1128 1954; x_wconf 82' lang='lat' dir='ltr'>Romano.</span> 
     </span>
     <span class='ocr_line' id='line_1_18' title="bbox 85 1977 1129 2042; baseline 0.003 -21"><span class='ocrx_word' id='word_1_161' title='bbox 85 1977 115 2021; x_wconf 90' lang='lat' dir='ltr'>D.</span> <span class='ocrx_word' id='word_1_162' title='bbox 131 1991 208 2022; x_wconf 82' lang='lat' dir='ltr'>omnes</span> <span class='ocrx_word' id='word_1_163' title='bbox 218 1977 278 2022; x_wconf 87' lang='lat' dir='ltr'>Veu.</span> <span class='ocrx_word' id='word_1_164' title='bbox 291 2004 323 2013; x_wconf 92' lang='lat'>-</span> <span class='ocrx_word' id='word_1_165' title='bbox 334 1979 386 2024; x_wconf 88' lang='grc'><strong>265.</strong></span> <span class='ocrx_word' id='word_1_166' title='bbox 399 1980 454 2024; x_wconf 82' lang='lat' dir='ltr'>dont</span> <span class='ocrx_word' id='word_1_167' title='bbox 465 1977 523 2024; x_wconf 84' lang='lat' dir='ltr'>colla</span> <span class='ocrx_word' id='word_1_168' title='bbox 534 1981 623 2041; x_wconf 85' lang='lat' dir='ltr'>Sprot.,</span> <span class='ocrx_word' id='word_1_169' title='bbox 634 1979 698 2042; x_wconf 90' lang='lat' dir='ltr'>quod</span> <span class='ocrx_word' id='word_1_170' title='bbox 708 1995 790 2025; x_wconf 88' lang='lat' dir='ltr'>ornare</span> <span class='ocrx_word' id='word_1_171' title='bbox 801 1977 885 2042; x_wconf 82' lang='lat' dir='ltr'>aliquis</span> <span class='ocrx_word' id='word_1_172' title='bbox 894 1982 965 2041; x_wconf 83' lang='lat' dir='ltr'>possit</span> <span class='ocrx_word' id='word_1_173' title='bbox 976 1978 1006 2024; x_wconf 87' lang='lat' dir='ltr'>de</span> <span class='ocrx_word' id='word_1_174' title='bbox 1016 1981 1129 2040; x_wconf 71' lang='lat' dir='ltr'>porrectis</span> 
     </span>
    </p>
   </div>
   <div class='ocr_carea' id='block_1_10' title="bbox 7 2045 1128 2112">
    <p class='ocr_par' dir='ltr' id='par_1_11' title="bbox 7 2045 1128 2112">
     <span class='ocr_line' id='line_1_19' title="bbox 7 2045 1128 2112; baseline -0.001 -21"><span class='ocrx_word' id='word_1_175' title='bbox 7 2070 11 2085; x_wconf 87' lang='grc' dir='ltr'>ι</span> <span class='ocrx_word' id='word_1_176' title='bbox 85 2045 205 2091; x_wconf 81' lang='lat' dir='ltr'>volantum</span> <span class='ocrx_word' id='word_1_177' title='bbox 221 2063 304 2108; x_wconf 73' lang='lat' dir='ltr'>gruum</span> <span class='ocrx_word' id='word_1_178' title='bbox 323 2045 396 2092; x_wconf 83' lang='lat' dir='ltr'>collia.</span> <span class='ocrx_word' id='word_1_179' title='bbox 408 2049 455 2094; x_wconf 85' lang='lat' dir='ltr'>Sed</span> <span class='ocrx_word' id='word_1_180' title='bbox 466 2049 520 2093; x_wconf 75' lang='lat' dir='ltr'>dare</span> <span class='ocrx_word' id='word_1_181' title='bbox 537 2051 625 2112; x_wconf 53' lang='lat' dir='ltr'>sunum</span> <span class='ocrx_word' id='word_1_182' title='bbox 643 2049 667 2094; x_wconf 94' lang='lat' dir='ltr'>h.</span> <span class='ocrx_word' id='word_1_183' title='bbox 686 2049 702 2093; x_wconf 92' lang='lat' dir='ltr'>l.</span> <span class='ocrx_word' id='word_1_184' title='bbox 721 2047 797 2110; x_wconf 82' lang='lat' dir='ltr'>simpl.</span> <span class='ocrx_word' id='word_1_185' title='bbox 812 2047 867 2093; x_wconf 86' lang='lat' dir='ltr'>dant</span> <span class='ocrx_word' id='word_1_186' title='bbox 883 2048 1019 2102; x_wconf 87' lang='lat' dir='ltr'>clamorem,</span> <span class='ocrx_word' id='word_1_187' title='bbox 1040 2065 1061 2094; x_wconf 85' lang='lat' dir='ltr'>v.</span> <span class='ocrx_word' id='word_1_188' title='bbox 1074 2049 1128 2092; x_wconf 86' lang='lat' dir='ltr'>Not.</span> 
     </span>
    </p>
   </div>
   <div class='ocr_carea' id='block_1_11' title="bbox 85 2113 1128 2181">
    <p class='ocr_par' dir='ltr' id='par_1_12' title="bbox 85 2113 1128 2181">
     <span class='ocr_line' id='line_1_20' title="bbox 85 2113 1128 2181; baseline 0.001 -21"><span class='ocrx_word' id='word_1_189' title='bbox 85 2129 178 2179; x_wconf 79' lang='lat' dir='ltr'>aquom</span> <span class='ocrx_word' id='word_1_190' title='bbox 191 2123 218 2160; x_wconf 80' lang='lat' dir='ltr'>tr.</span> <span class='ocrx_word' id='word_1_191' title='bbox 231 2113 290 2161; x_wconf 87' lang='lat' dir='ltr'>alter</span> <span class='ocrx_word' id='word_1_192' title='bbox 302 2116 396 2174; x_wconf 82' lang='lat' dir='ltr'>flamb,</span> <span class='ocrx_word' id='word_1_193' title='bbox 411 2119 476 2181; x_wconf 88' lang='lat' dir='ltr'>quod</span> <span class='ocrx_word' id='word_1_194' title='bbox 488 2130 512 2164; x_wconf 90' lang='lat' dir='ltr'>et</span> <span class='ocrx_word' id='word_1_195' title='bbox 522 2119 558 2163; x_wconf 89' lang='lat' dir='ltr'>Jo.</span> <span class='ocrx_word' id='word_1_196' title='bbox 571 2119 693 2165; x_wconf 81' lang='lat' dir='ltr'>Schrader.</span> <span class='ocrx_word' id='word_1_197' title='bbox 704 2117 857 2180; x_wconf 84' lang='lat' dir='ltr'>conjiciebat,</span> <span class='ocrx_word' id='word_1_198' title='bbox 872 2120 926 2180; x_wconf 83' lang='lat' dir='ltr'>quia</span> <span class='ocrx_word' id='word_1_199' title='bbox 938 2120 962 2162; x_wconf 91' lang='lat' dir='ltr'>in</span> <span class='ocrx_word' id='word_1_200' title='bbox 972 2117 1073 2162; x_wconf 83' lang='lat' dir='ltr'>Homero</span> <span class='ocrx_word' id='word_1_201' title='bbox 1082 2128 1128 2170; x_wconf 85' lang='lat' dir='ltr'>est,</span> 
     </span>
    </p>
   </div>
   <div class='ocr_carea' id='block_1_12' title="bbox 122 2256 585 2328">
    <p class='ocr_par' dir='ltr' id='par_1_13' title="bbox 122 2256 585 2328">
     <span class='ocr_line' id='line_1_21' title="bbox 122 2256 585 2328; baseline 0.006 -18"><span class='ocrx_word' id='word_1_202' title='bbox 122 2256 183 2310; x_wconf 75' lang='lat'>256.</span> <span class='ocrx_word' id='word_1_203' title='bbox 198 2259 255 2328; x_wconf 84' lang='lat'>257.</span> <span class='ocrx_word' id='word_1_204' title='bbox 270 2273 379 2312; x_wconf 79' lang='lat' dir='ltr'>ornate:</span> <span class='ocrx_word' id='word_1_205' title='bbox 397 2259 512 2313; x_wconf 81' lang='lat' dir='ltr'>revoluta</span> <span class='ocrx_word' id='word_1_206' title='bbox 529 2279 585 2313; x_wconf 82' lang='lat' dir='ltr'>rue·</span> 
     </span>
    </p>
   </div>
   <div class='ocr_carea' id='block_1_13' title="bbox 9 2336 583 2407">
    <p class='ocr_par' dir='ltr' id='par_1_14' title="bbox 9 2336 583 2407">
     <span class='ocr_line' id='line_1_22' title="bbox 9 2336 583 2407; baseline 0.012 -22"><span class='ocrx_word' id='word_1_207' title='bbox 9 2336 10 2344; x_wconf 74' lang='grc'>’</span> <span class='ocrx_word' id='word_1_208' title='bbox 86 2336 131 2386; x_wconf 79' lang='lat' dir='ltr'>bat</span> <span class='ocrx_word' id='word_1_209' title='bbox 151 2354 202 2407; x_wconf 91' lang='lat' dir='ltr'>pro</span> <span class='ocrx_word' id='word_1_210' title='bbox 226 2339 431 2406; x_wconf 75' lang='lat' dir='ltr'>revolvebatur,</span> <span class='ocrx_word' id='word_1_211' title='bbox 456 2340 583 2404; x_wconf 89' lang='lat' dir='ltr'>redibat;</span> 
     </span>
    </p>
   </div>
   <div class='ocr_carea' id='block_1_14' title="bbox 86 2415 582 2550">
    <p class='ocr_par' dir='ltr' id='par_1_15' title="bbox 86 2415 582 2550">
     <span class='ocr_line' id='line_1_23' title="bbox 86 2415 582 2490; baseline 0.006 -25"><span class='ocrx_word' id='word_1_212' title='bbox 86 2415 180 2466; x_wconf 83' lang='lat' dir='ltr'>ruebat</span> <span class='ocrx_word' id='word_1_213' title='bbox 189 2433 240 2486; x_wconf 91' lang='lat' dir='ltr'>pro</span> <span class='ocrx_word' id='word_1_214' title='bbox 251 2417 396 2487; x_wconf 80' lang='lat' dir='ltr'>veniebat,</span> <span class='ocrx_word' id='word_1_215' title='bbox 405 2431 435 2468; x_wconf 91' lang='lat' dir='ltr'>ut</span> <span class='ocrx_word' id='word_1_216' title='bbox 448 2437 530 2490; x_wconf 89' lang='lat' dir='ltr'>supra</span> <span class='ocrx_word' id='word_1_217' title='bbox 543 2421 582 2482; x_wconf 89' lang='lat' dir='ltr'>ll,</span> 
     </span>
     <span class='ocr_line' id='line_1_24' title="bbox 87 2496 582 2550; baseline 0 -2"><span class='ocrx_word' id='word_1_218' title='bbox 87 2496 139 2548; x_wconf 84' lang='grc'>250</span> <span class='ocrx_word' id='word_1_219' title='bbox 149 2499 203 2546; x_wconf 80' lang='lat' dir='ltr'>ruit</span> <span class='ocrx_word' id='word_1_220' title='bbox 213 2514 310 2548; x_wconf 85' lang='lat' dir='ltr'>oceano</span> <span class='ocrx_word' id='word_1_221' title='bbox 320 2516 379 2550; x_wconf 83' lang='lat' dir='ltr'>nox.</span> <span class='ocrx_word' id='word_1_222' title='bbox 391 2509 495 2549; x_wconf 84' lang='lat' dir='ltr'>matura</span> <span class='ocrx_word' id='word_1_223' title='bbox 509 2497 582 2550; x_wconf 78' lang='lat' dir='ltr'>luce.-</span> 
     </span>
    </p>
   </div>
   <div class='ocr_carea' id='block_1_15' title="bbox 86 2575 584 2728">
    <p class='ocr_par' dir='ltr' id='par_1_16' title="bbox 86 2575 584 2728">
     <span class='ocr_line' id='line_1_25' title="bbox 87 2575 584 2646; baseline 0 -18"><span class='ocrx_word' id='word_1_224' title='bbox 87 2576 180 2628; x_wconf 87' lang='lat' dir='ltr'>adulto</span> <span class='ocrx_word' id='word_1_225' title='bbox 191 2576 245 2644; x_wconf 87' lang='lat' dir='ltr'>die,</span> <span class='ocrx_word' id='word_1_226' title='bbox 251 2575 341 2646; x_wconf 89' lang='lat' dir='ltr'>(aliter</span> <span class='ocrx_word' id='word_1_227' title='bbox 351 2596 381 2630; x_wconf 88' lang='lat' dir='ltr'>ac</span> <span class='ocrx_word' id='word_1_228' title='bbox 389 2577 436 2629; x_wconf 85' lang='lat' dir='ltr'>Ge.</span> <span class='ocrx_word' id='word_1_229' title='bbox 443 2577 584 2643; x_wconf 85' lang='lat' dir='ltr'>l,66adul-</span> 
     </span>
     <span class='ocr_line' id='line_1_26' title="bbox 86 2654 584 2728; baseline 0.008 -22"><span class='ocrx_word' id='word_1_230' title='bbox 86 2658 117 2707; x_wconf 87' lang='lat' dir='ltr'>tis</span> <span class='ocrx_word' id='word_1_231' title='bbox 128 2654 330 2721; x_wconf 79' lang='lat' dir='ltr'>solibus‚aestate</span> <span class='ocrx_word' id='word_1_232' title='bbox 341 2670 483 2728; x_wconf 80' lang='lat' dir='ltr'>provecta3</span> <span class='ocrx_word' id='word_1_233' title='bbox 497 2674 523 2710; x_wconf 89' lang='lat' dir='ltr'>et</span> <span class='ocrx_word' id='word_1_234' title='bbox 535 2661 584 2710; x_wconf 90' lang='lat' dir='ltr'>ite·</span> 
     </span>
    </p>
   </div>
   <div class='ocr_carea' id='block_1_16' title="bbox 9 2735 584 2804">
    <p class='ocr_par' dir='ltr' id='par_1_17' title="bbox 9 2735 584 2804">
     <span class='ocr_line' id='line_1_27' title="bbox 9 2735 584 2804; baseline 0.005 -18"><span class='ocrx_word' id='word_1_235' title='bbox 9 2783 10 2786; x_wconf 75' lang='grc'>,</span> <span class='ocrx_word' id='word_1_236' title='bbox 87 2753 147 2786; x_wconf 90' lang='lat' dir='ltr'>rum</span> <span class='ocrx_word' id='word_1_237' title='bbox 157 2735 234 2787; x_wconf 90' lang='lat' dir='ltr'>aliter</span> <span class='ocrx_word' id='word_1_238' title='bbox 244 2736 342 2788; x_wconf 88' lang='lat' dir='ltr'>Tibull.</span> <span class='ocrx_word' id='word_1_239' title='bbox 356 2738 446 2804; x_wconf 84' lang='lat' dir='ltr'>lv,1,</span> <span class='ocrx_word' id='word_1_240' title='bbox 460 2735 511 2789; x_wconf 82' lang='grc'>205</span> <span class='ocrx_word' id='word_1_241' title='bbox 528 2755 584 2789; x_wconf 84' lang='lat' dir='ltr'>ma-</span> 
     </span>
    </p>
   </div>
   <div class='ocr_carea' id='block_1_17' title="bbox 86 2815 587 3126">
    <p class='ocr_par' dir='ltr' id='par_1_18' title="bbox 88 2815 586 2948">
     <span class='ocr_line' id='line_1_28' title="bbox 88 2815 550 2888; baseline 0.009 -24"><span class='ocrx_word' id='word_1_242' title='bbox 88 2824 147 2864; x_wconf 79' lang='lat' dir='ltr'>tura</span> <span class='ocrx_word' id='word_1_243' title='bbox 159 2815 212 2867; x_wconf 86' lang='lat' dir='ltr'>dies</span> <span class='ocrx_word' id='word_1_244' title='bbox 222 2815 258 2868; x_wconf 88' lang='lat' dir='ltr'>de</span> <span class='ocrx_word' id='word_1_245' title='bbox 271 2829 355 2868; x_wconf 85' lang='lat' dir='ltr'>morte</span> <span class='ocrx_word' id='word_1_246' title='bbox 365 2818 550 2888; x_wconf 73' lang='lat' dir='ltr'>promoturo.)</span> 
     </span>
     <span class='ocr_line' id='line_1_29' title="bbox 122 2892 586 2948; baseline 0.006 -2"><span class='ocrx_word' id='word_1_247' title='bbox 122 2892 183 2946; x_wconf 78' lang='lat'>258.</span> <span class='ocrx_word' id='word_1_248' title='bbox 200 2895 279 2946; x_wconf 87' lang='lat' dir='ltr'>Parat</span> <span class='ocrx_word' id='word_1_249' title='bbox 295 2913 366 2948; x_wconf 89' lang='lat' dir='ltr'>nunc</span> <span class='ocrx_word' id='word_1_250' title='bbox 378 2897 474 2948; x_wconf 85' lang='lat' dir='ltr'>AEneas</span> <span class='ocrx_word' id='word_1_251' title='bbox 495 2914 586 2948; x_wconf 88' lang='lat' dir='ltr'>escen·</span> 
     </span>
    </p>

    <p class='ocr_par' dir='ltr' id='par_1_19' title="bbox 88 2973 585 3027">
     <span class='ocr_line' id='line_1_30' title="bbox 88 2973 585 3027; baseline 0.008 -5"><span class='ocrx_word' id='word_1_252' title='bbox 88 2973 191 3025; x_wconf 77' lang='lat' dir='ltr'>sionem</span> <span class='ocrx_word' id='word_1_253' title='bbox 210 2975 307 3027; x_wconf 83' lang='lat' dir='ltr'>facere.</span> <span class='ocrx_word' id='word_1_254' title='bbox 329 2975 453 3027; x_wconf 88' lang='lat' dir='ltr'>Occurrit</span> <span class='ocrx_word' id='word_1_255' title='bbox 471 2976 585 3026; x_wconf 84' lang='lat' dir='ltr'>Turnus.</span> 
     </span>
    </p>

    <p class='ocr_par' dir='ltr' id='par_1_20' title="bbox 86 3053 587 3126">
     <span class='ocr_line' id='line_1_31' title="bbox 86 3053 587 3126; baseline 0.008 -24"><span class='ocrx_word' id='word_1_256' title='bbox 86 3053 128 3102; x_wconf 85' lang='lat' dir='ltr'>Fit</span> <span class='ocrx_word' id='word_1_257' title='bbox 139 3072 231 3125; x_wconf 80' lang='lat' dir='ltr'>pugna</span> <span class='ocrx_word' id='word_1_258' title='bbox 246 3055 274 3105; x_wconf 90' lang='lat' dir='ltr'>iu</span> <span class='ocrx_word' id='word_1_259' title='bbox 285 3054 378 3120; x_wconf 85' lang='lat' dir='ltr'>litore,</span> <span class='ocrx_word' id='word_1_260' title='bbox 398 3055 432 3106; x_wconf 87' lang='lat' dir='ltr'>ad</span> <span class='ocrx_word' id='word_1_261' title='bbox 443 3053 587 3126; x_wconf 89' lang='lat' dir='ltr'>prohiben-</span> 
     </span>
    </p>
   </div>
   <div class='ocr_carea' id='block_1_18' title="bbox 88 3129 586 3202">
    <p class='ocr_par' dir='ltr' id='par_1_21' title="bbox 88 3129 586 3202">
     <span class='ocr_line' id='line_1_32' title="bbox 88 3129 586 3202; baseline 0.01 -21"><span class='ocrx_word' id='word_1_262' title='bbox 88 3129 137 3182; x_wconf 87' lang='lat' dir='ltr'>dos</span> <span class='ocrx_word' id='word_1_263' title='bbox 153 3131 284 3202; x_wconf 83' lang='lat' dir='ltr'>Trojanos</span> <span class='ocrx_word' id='word_1_264' title='bbox 300 3152 334 3186; x_wconf 87' lang='lat' dir='ltr'>ne</span> <span class='ocrx_word' id='word_1_265' title='bbox 351 3135 530 3187; x_wconf 86' lang='lat' dir='ltr'>escensionem</span> <span class='ocrx_word' id='word_1_266' title='bbox 547 3135 586 3186; x_wconf 83' lang='lat' dir='ltr'>fa·</span> 
     </span>
    </p>
   </div>
   <div class='ocr_carea' id='block_1_19' title="bbox 627 2241 1165 3203">
    <p class='ocr_par' dir='ltr' id='par_1_22' title="bbox 627 2241 1165 3203">
     <span class='ocr_line' id='line_1_33' title="bbox 630 2241 1128 2333; baseline -0.006 -18"><span class='ocrx_word' id='word_1_267' title='bbox 630 2261 728 2316; x_wconf 72' lang='grc'><strong>21512</strong></span> <span class='ocrx_word' id='word_1_268' title='bbox 737 2281 788 2315; x_wconf 82' lang='lat' dir='ltr'>ras.</span> <span class='ocrx_word' id='word_1_269' title='bbox 797 2293 831 2302; x_wconf 91' lang='lat'>—</span> <span class='ocrx_word' id='word_1_270' title='bbox 840 2241 966 2333; x_wconf 72' lang='lat' dir='ltr'>alid.sqq.</span> <span class='ocrx_word' id='word_1_271' title='bbox 981 2260 1015 2312; x_wconf 89' lang='lat' dir='ltr'>ad</span> <span class='ocrx_word' id='word_1_272' title='bbox 1028 2261 1128 2313; x_wconf 88' lang='lat' dir='ltr'>clamo·</span> 
     </span>
     <span class='ocr_line' id='line_1_34' title="bbox 628 2343 1127 2415; baseline 0 -22"><span class='ocrx_word' id='word_1_273' title='bbox 628 2357 812 2415; x_wconf 89' lang='lat' dir='ltr'>remspectare</span> <span class='ocrx_word' id='word_1_274' title='bbox 820 2343 1047 2412; x_wconf 87' lang='lat' dir='ltr'>comparationem</span> <span class='ocrx_word' id='word_1_275' title='bbox 1055 2355 1127 2394; x_wconf 89' lang='lat' dir='ltr'>recte</span> 
     </span>
     <span class='ocr_line' id='line_1_35' title="bbox 628 2422 1165 2491; baseline 0 -19"><span class='ocrx_word' id='word_1_276' title='bbox 628 2436 718 2474; x_wconf 88' lang='lat' dir='ltr'>monet</span> <span class='ocrx_word' id='word_1_277' title='bbox 734 2423 847 2476; x_wconf 83' lang='lat' dir='ltr'>Servius.</span> <span class='ocrx_word' id='word_1_278' title='bbox 865 2423 934 2474; x_wconf 86' lang='lat' dir='ltr'>Nam</span> <span class='ocrx_word' id='word_1_279' title='bbox 950 2422 1128 2490; x_wconf 67' lang='lat' dir='ltr'>Troianorum</span> <span class='ocrx_word' id='word_1_280' title='bbox 1162 2487 1165 2491; x_wconf 91' lang='lat'>.</span> 
     </span>
     <span class='ocr_line' id='line_1_36' title="bbox 628 2501 1128 2572; baseline 0.004 -22"><span class='ocrx_word' id='word_1_281' title='bbox 628 2501 824 2554; x_wconf 81' lang='lat' dir='ltr'>multitudinem</span> <span class='ocrx_word' id='word_1_282' title='bbox 843 2520 892 2572; x_wconf 92' lang='lat' dir='ltr'>per</span> <span class='ocrx_word' id='word_1_283' title='bbox 910 2519 1003 2572; x_wconf 77' lang='lat' dir='ltr'>gruum</span> <span class='ocrx_word' id='word_1_284' title='bbox 1021 2501 1128 2552; x_wconf 90' lang='lat' dir='ltr'>turbam</span> 
     </span>
     <span class='ocr_line' id='line_1_37' title="bbox 627 2581 1126 2653; baseline -0.002 -22"><span class='ocrx_word' id='word_1_285' title='bbox 627 2593 708 2650; x_wconf 90' lang='lat' dir='ltr'>poeta</span> <span class='ocrx_word' id='word_1_286' title='bbox 716 2581 854 2653; x_wconf 77' lang='lat' dir='ltr'>designare</span> <span class='ocrx_word' id='word_1_287' title='bbox 862 2598 916 2631; x_wconf 92' lang='lat' dir='ltr'>non</span> <span class='ocrx_word' id='word_1_288' title='bbox 926 2592 1022 2650; x_wconf 88' lang='lat' dir='ltr'>potest,</span> <span class='ocrx_word' id='word_1_289' title='bbox 1029 2592 1059 2630; x_wconf 91' lang='lat' dir='ltr'>ut</span> <span class='ocrx_word' id='word_1_290' title='bbox 1067 2597 1126 2651; x_wconf 87' lang='lat' dir='ltr'>sup.</span> 
     </span>
     <span class='ocr_line' id='line_1_38' title="bbox 627 2658 1128 2730; baseline 0 -22"><span class='ocrx_word' id='word_1_291' title='bbox 627 2659 678 2726; x_wconf 86' lang='lat' dir='ltr'>vl,</span> <span class='ocrx_word' id='word_1_292' title='bbox 690 2659 743 2712; x_wconf 85' lang='lat'>310</span> <span class='ocrx_word' id='word_1_293' title='bbox 754 2677 812 2729; x_wconf 85' lang='lat' dir='ltr'>sq.,</span> <span class='ocrx_word' id='word_1_294' title='bbox 825 2678 906 2730; x_wconf 92' lang='lat' dir='ltr'>quum</span> <span class='ocrx_word' id='word_1_295' title='bbox 921 2658 1017 2729; x_wconf 78' lang='lat' dir='ltr'>singuli</span> <span class='ocrx_word' id='word_1_296' title='bbox 1025 2660 1052 2710; x_wconf 93' lang='lat' dir='ltr'>in</span> <span class='ocrx_word' id='word_1_297' title='bbox 1066 2677 1128 2708; x_wconf 89' lang='lat' dir='ltr'>mu·</span> 
     </span>
     <span class='ocr_line' id='line_1_39' title="bbox 628 2735 1128 2807; baseline -0.004 -19"><span class='ocrx_word' id='word_1_298' title='bbox 628 2740 664 2788; x_wconf 90' lang='lat' dir='ltr'>ris</span> <span class='ocrx_word' id='word_1_299' title='bbox 688 2751 775 2805; x_wconf 81' lang='lat' dir='ltr'>stent,</span> <span class='ocrx_word' id='word_1_300' title='bbox 796 2757 850 2788; x_wconf 91' lang='lat' dir='ltr'>non</span> <span class='ocrx_word' id='word_1_301' title='bbox 875 2739 979 2807; x_wconf 78' lang='lat' dir='ltr'>agmine</span> <span class='ocrx_word' id='word_1_302' title='bbox 1001 2735 1128 2788; x_wconf 83' lang='lat' dir='ltr'>incedant</span> 
     </span>
     <span class='ocr_line' id='line_1_40' title="bbox 629 2813 1126 2886; baseline -0.002 -18"><span class='ocrx_word' id='word_1_303' title='bbox 629 2815 717 2886; x_wconf 84' lang='lat' dir='ltr'>(conf.</span> <span class='ocrx_word' id='word_1_304' title='bbox 735 2819 835 2870; x_wconf 88' lang='lat' dir='ltr'>Lucan.</span> <span class='ocrx_word' id='word_1_305' title='bbox 852 2818 892 2882; x_wconf 88' lang='lat' dir='ltr'>V,</span> <span class='ocrx_word' id='word_1_306' title='bbox 912 2832 958 2884; x_wconf 88' lang='lat'>7¹¹</span> <span class='ocrx_word' id='word_1_307' title='bbox 981 2833 1039 2885; x_wconf 88' lang='lat' dir='ltr'>sqq.</span> <span class='ocrx_word' id='word_1_308' title='bbox 1061 2813 1126 2867; x_wconf 86' lang='lat' dir='ltr'>Stat.</span> 
     </span>
     <span class='ocr_line' id='line_1_41' title="bbox 630 2892 1128 2963; baseline -0.006 -16"><span class='ocrx_word' id='word_1_309' title='bbox 630 2895 714 2948; x_wconf 87' lang='lat' dir='ltr'>Theb.</span> <span class='ocrx_word' id='word_1_310' title='bbox 726 2896 789 2960; x_wconf 87' lang='lat' dir='ltr'>Xll,</span> <span class='ocrx_word' id='word_1_311' title='bbox 803 2895 853 2948; x_wconf 79' lang='lat'>515</span> <span class='ocrx_word' id='word_1_312' title='bbox 869 2892 959 2963; x_wconf 87' lang='lat' dir='ltr'>sqq.);</span> <span class='ocrx_word' id='word_1_313' title='bbox 978 2892 1061 2943; x_wconf 88' lang='lat' dir='ltr'>multo</span> <span class='ocrx_word' id='word_1_314' title='bbox 1077 2897 1128 2944; x_wconf 92' lang='lat' dir='ltr'>mi-</span> 
     </span>
     <span class='ocr_line' id='line_1_42' title="bbox 630 2973 1128 3044; baseline -0.006 -17"><span class='ocrx_word' id='word_1_315' title='bbox 630 2994 680 3026; x_wconf 86' lang='lat' dir='ltr'>nus</span> <span class='ocrx_word' id='word_1_316' title='bbox 693 2975 806 3027; x_wconf 89' lang='lat' dir='ltr'>telorum</span> <span class='ocrx_word' id='word_1_317' title='bbox 825 2975 939 3044; x_wconf 90' lang='lat' dir='ltr'>copiam.</span> <span class='ocrx_word' id='word_1_318' title='bbox 956 2973 1042 3024; x_wconf 87' lang='lat' dir='ltr'>Ducta</span> <span class='ocrx_word' id='word_1_319' title='bbox 1057 2991 1128 3024; x_wconf 92' lang='lat' dir='ltr'>com-</span> 
     </span>
     <span class='ocr_line' id='line_1_43' title="bbox 631 3050 1127 3126; baseline -0.01 -21"><span class='ocrx_word' id='word_1_320' title='bbox 631 3057 735 3126; x_wconf 88' lang='lat' dir='ltr'>paratio</span> <span class='ocrx_word' id='word_1_321' title='bbox 744 3053 777 3105; x_wconf 89' lang='lat' dir='ltr'>de</span> <span class='ocrx_word' id='word_1_322' title='bbox 784 3051 978 3104; x_wconf 88' lang='lat' dir='ltr'>Homerolliad.</span> <span class='ocrx_word' id='word_1_323' title='bbox 985 3070 1016 3116; x_wconf 71' lang='lat' dir='ltr'>p,</span> <span class='ocrx_word' id='word_1_324' title='bbox 1027 3050 1042 3101; x_wconf 88' lang='grc'>3</span> <span class='ocrx_word' id='word_1_325' title='bbox 1052 3069 1127 3122; x_wconf 83' lang='lat' dir='ltr'>sqq.3</span> 
     </span>
     <span class='ocr_line' id='line_1_44' title="bbox 631 3128 1128 3203; baseline -0.002 -19"><span class='ocrx_word' id='word_1_326' title='bbox 631 3128 1128 3203; x_wconf 76' lang='lat' dir='ltr'>ambiguumvideripotest,deahitune</span> 
     </span>
    </p>
   </div>
   <div class='ocr_carea' id='block_1_20' title="bbox 8 3210 1129 4078">
    <p class='ocr_par' dir='ltr' id='par_1_23' title="bbox 8 3210 1129 4078">
     <span class='ocr_line' id='line_1_45' title="bbox 88 3210 1128 3286; baseline 0.004 -25"><span class='ocrx_word' id='word_1_327' title='bbox 88 3211 175 3262; x_wconf 85' lang='lat' dir='ltr'>ciant:</span> <span class='ocrx_word' id='word_1_328' title='bbox 191 3213 265 3283; x_wconf 90' lang='lat' dir='ltr'>quod</span> <span class='ocrx_word' id='word_1_329' title='bbox 277 3233 375 3266; x_wconf 81' lang='lat' dir='ltr'>novum</span> <span class='ocrx_word' id='word_1_330' title='bbox 389 3233 484 3286; x_wconf 73' lang='lat' dir='ltr'>pugnae</span> <span class='ocrx_word' id='word_1_331' title='bbox 501 3232 585 3286; x_wconf 74' lang='lat' dir='ltr'>genus</span> <span class='ocrx_word' id='word_1_332' title='bbox 629 3231 724 3286; x_wconf 73' lang='lat' dir='ltr'>gruum</span> <span class='ocrx_word' id='word_1_333' title='bbox 740 3211 774 3263; x_wconf 85' lang='lat' dir='ltr'>nd</span> <span class='ocrx_word' id='word_1_334' title='bbox 787 3211 915 3264; x_wconf 84' lang='lat' dir='ltr'>australes</span> <span class='ocrx_word' id='word_1_335' title='bbox 927 3210 1033 3282; x_wconf 68' lang='lat' dir='ltr'>plagas,</span> <span class='ocrx_word' id='word_1_336' title='bbox 1050 3231 1084 3263; x_wconf 92' lang='lat' dir='ltr'>an</span> <span class='ocrx_word' id='word_1_337' title='bbox 1094 3212 1128 3265; x_wconf 88' lang='lat' dir='ltr'>de</span> 
     </span>
     <span class='ocr_line' id='line_1_46' title="bbox 87 3290 1128 3364; baseline 0.003 -23"><span class='ocrx_word' id='word_1_338' title='bbox 87 3302 168 3359; x_wconf 88' lang='lat' dir='ltr'>poeta</span> <span class='ocrx_word' id='word_1_339' title='bbox 189 3293 325 3364; x_wconf 76' lang='lat' dir='ltr'>ingeniose</span> <span class='ocrx_word' id='word_1_340' title='bbox 347 3306 511 3346; x_wconf 86' lang='lat' dir='ltr'>commentus</span> <span class='ocrx_word' id='word_1_341' title='bbox 535 3306 583 3345; x_wconf 86' lang='lat' dir='ltr'>est.</span> <span class='ocrx_word' id='word_1_342' title='bbox 629 3291 716 3344; x_wconf 88' lang='lat' dir='ltr'>reditu</span> <span class='ocrx_word' id='word_1_343' title='bbox 729 3291 850 3362; x_wconf 72' lang='lat' dir='ltr'>cogitarit</span> <span class='ocrx_word' id='word_1_344' title='bbox 862 3301 950 3360; x_wconf 88' lang='lat' dir='ltr'>poeta.</span> <span class='ocrx_word' id='word_1_345' title='bbox 960 3290 1001 3342; x_wconf 83' lang='lat' dir='ltr'>Ad</span> <span class='ocrx_word' id='word_1_346' title='bbox 1013 3291 1128 3344; x_wconf 88' lang='lat' dir='ltr'>reditum</span> 
     </span>
     <span class='ocr_line' id='line_1_47' title="bbox 87 3369 1129 3446; baseline 0 -24"><span class='ocrx_word' id='word_1_347' title='bbox 87 3369 193 3439; x_wconf 84' lang='lat' dir='ltr'>Edicit,</span> <span class='ocrx_word' id='word_1_348' title='bbox 215 3385 246 3424; x_wconf 91' lang='lat' dir='ltr'>ut</span> <span class='ocrx_word' id='word_1_349' title='bbox 271 3373 306 3426; x_wconf 84' lang='lat' dir='ltr'>ad</span> <span class='ocrx_word' id='word_1_350' title='bbox 327 3376 403 3446; x_wconf 76' lang='lat' dir='ltr'>sigua</span> <span class='ocrx_word' id='word_1_351' title='bbox 426 3375 585 3426; x_wconf 84' lang='lat' dir='ltr'>conveniant</span> <span class='ocrx_word' id='word_1_352' title='bbox 631 3384 750 3445; x_wconf 84' lang='lat' dir='ltr'>spectare</span> <span class='ocrx_word' id='word_1_353' title='bbox 761 3371 867 3424; x_wconf 79' lang='lat' dir='ltr'>videtur</span> <span class='ocrx_word' id='word_1_354' title='bbox 878 3371 1084 3442; x_wconf 73' lang='lat' dir='ltr'>sapiuntnotos.</span> <span class='ocrx_word' id='word_1_355' title='bbox 1101 3385 1129 3424; x_wconf 90' lang='lat' dir='ltr'>at</span> 
     </span>
     <span class='ocr_line' id='line_1_48' title="bbox 87 3450 1129 3523; baseline 0.002 -23"><span class='ocrx_word' id='word_1_356' title='bbox 87 3451 214 3520; x_wconf 85' lang='lat' dir='ltr'>Trojani3</span> <span class='ocrx_word' id='word_1_357' title='bbox 226 3464 257 3502; x_wconf 91' lang='lat' dir='ltr'>ut</span> <span class='ocrx_word' id='word_1_358' title='bbox 268 3451 370 3504; x_wconf 79' lang='lat' dir='ltr'>animos</span> <span class='ocrx_word' id='word_1_359' title='bbox 384 3463 477 3523; x_wconf 81' lang='lat' dir='ltr'>aptent</span> <span class='ocrx_word' id='word_1_360' title='bbox 488 3453 585 3519; x_wconf 76' lang='lat' dir='ltr'>anais,</span> <span class='ocrx_word' id='word_1_361' title='bbox 631 3453 711 3505; x_wconf 82' lang='lat' dir='ltr'>nubes</span> <span class='ocrx_word' id='word_1_362' title='bbox 721 3461 784 3502; x_wconf 86' lang='lat' dir='ltr'>atroe</span> <span class='ocrx_word' id='word_1_363' title='bbox 801 3451 883 3520; x_wconf 80' lang='lat' dir='ltr'>magis</span> <span class='ocrx_word' id='word_1_364' title='bbox 901 3453 1062 3502; x_wconf 87' lang='lat' dir='ltr'>conveniunt</span> <span class='ocrx_word' id='word_1_365' title='bbox 1077 3450 1129 3502; x_wconf 86' lang='lat' dir='ltr'>dis-</span> 
     </span>
     <span class='ocr_line' id='line_1_49' title="bbox 86 3528 1128 3602; baseline 0.001 -22"><span class='ocrx_word' id='word_1_366' title='bbox 86 3548 206 3601; x_wconf 69' lang='lat' dir='ltr'>puffoum</span> <span class='ocrx_word' id='word_1_367' title='bbox 220 3544 388 3602; x_wconf 85' lang='lat' dir='ltr'>exspectent,</span> <span class='ocrx_word' id='word_1_368' title='bbox 406 3534 484 3602; x_wconf 85' lang='lat' dir='ltr'>eique</span> <span class='ocrx_word' id='word_1_369' title='bbox 500 3551 528 3584; x_wconf 83' lang='lat' dir='ltr'>se</span> <span class='ocrx_word' id='word_1_370' title='bbox 543 3551 588 3586; x_wconf 84' lang='lat' dir='ltr'>uc·</span> <span class='ocrx_word' id='word_1_371' title='bbox 632 3531 775 3584; x_wconf 86' lang='lat' dir='ltr'>cessuisub</span> <span class='ocrx_word' id='word_1_372' title='bbox 785 3529 907 3582; x_wconf 89' lang='lat' dir='ltr'>hiemem.</span> <span class='ocrx_word' id='word_1_373' title='bbox 920 3528 1067 3581; x_wconf 82' lang='lat' dir='ltr'>Videbatur</span> <span class='ocrx_word' id='word_1_374' title='bbox 1078 3533 1128 3602; x_wconf 80' lang='lat' dir='ltr'>igi-</span> 
     </span>
     <span class='ocr_line' id='line_1_50' title="bbox 9 3609 1128 3684; baseline 0.003 -25"><span class='ocrx_word' id='word_1_375' title='bbox 9 3651 10 3658; x_wconf 60' lang='lat'>.</span> <span class='ocrx_word' id='word_1_376' title='bbox 87 3611 203 3681; x_wconf 77' lang='lat' dir='ltr'>cingant.</span> <span class='ocrx_word' id='word_1_377' title='bbox 216 3640 252 3650; x_wconf 93' lang='lat'>-</span> <span class='ocrx_word' id='word_1_378' title='bbox 264 3611 323 3663; x_wconf 82' lang='grc'><strong>261.</strong></span> <span class='ocrx_word' id='word_1_379' title='bbox 344 3609 428 3682; x_wconf 75' lang='lat' dir='ltr'>Clipet‘</span> <span class='ocrx_word' id='word_1_380' title='bbox 439 3630 455 3662; x_wconf 89' lang='lat' dir='ltr'>a</span> <span class='ocrx_word' id='word_1_381' title='bbox 465 3612 586 3664; x_wconf 81' lang='lat' dir='ltr'>Vulcano</span> <span class='ocrx_word' id='word_1_382' title='bbox 631 3625 675 3664; x_wconf 91' lang='lat' dir='ltr'>tur</span> <span class='ocrx_word' id='word_1_383' title='bbox 687 3611 865 3684; x_wconf 82' lang='lat' dir='ltr'>probabilius,</span> <span class='ocrx_word' id='word_1_384' title='bbox 877 3611 938 3681; x_wconf 91' lang='lat' dir='ltr'>quia</span> <span class='ocrx_word' id='word_1_385' title='bbox 949 3611 1128 3662; x_wconf 84' lang='lat' dir='ltr'>nubibusatris</span> 
     </span>
     <span class='ocr_line' id='line_1_51' title="bbox 86 3688 1128 3763; baseline 0.001 -23"><span class='ocrx_word' id='word_1_386' title='bbox 86 3689 231 3741; x_wconf 79' lang='lat' dir='ltr'>fabrefacti</span> <span class='ocrx_word' id='word_1_387' title='bbox 247 3707 310 3741; x_wconf 84' lang='lat' dir='ltr'>usus</span> <span class='ocrx_word' id='word_1_388' title='bbox 322 3709 393 3742; x_wconf 86' lang='lat' dir='ltr'>nunc</span> <span class='ocrx_word' id='word_1_389' title='bbox 411 3709 425 3741; x_wconf 90' lang='lat' dir='ltr'>a</span> <span class='ocrx_word' id='word_1_390' title='bbox 438 3704 520 3761; x_wconf 84' lang='lat' dir='ltr'>poeta</span> <span class='ocrx_word' id='word_1_391' title='bbox 532 3710 587 3742; x_wconf 90' lang='lat' dir='ltr'>non</span> <span class='ocrx_word' id='word_1_392' title='bbox 632 3694 771 3763; x_wconf 80' lang='lat' dir='ltr'>apposuit,</span> <span class='ocrx_word' id='word_1_393' title='bbox 787 3702 893 3761; x_wconf 90' lang='lat' dir='ltr'>poetam</span> <span class='ocrx_word' id='word_1_394' title='bbox 903 3688 936 3740; x_wconf 91' lang='lat' dir='ltr'>de</span> <span class='ocrx_word' id='word_1_395' title='bbox 946 3689 1020 3741; x_wconf 90' lang='lat' dir='ltr'>abitu</span> <span class='ocrx_word' id='word_1_396' title='bbox 1031 3708 1128 3760; x_wconf 73' lang='lat' dir='ltr'>gruum</span> 
     </span>
     <span class='ocr_line' id='line_1_52' title="bbox 86 3765 1129 3840; baseline 0.002 -22"><span class='ocrx_word' id='word_1_397' title='bbox 86 3765 156 3821; x_wconf 87' lang='lat' dir='ltr'>male</span> <span class='ocrx_word' id='word_1_398' title='bbox 167 3770 196 3820; x_wconf 90' lang='lat' dir='ltr'>in</span> <span class='ocrx_word' id='word_1_399' title='bbox 214 3769 331 3821; x_wconf 87' lang='lat' dir='ltr'>medium</span> <span class='ocrx_word' id='word_1_400' title='bbox 346 3769 494 3823; x_wconf 89' lang='lat' dir='ltr'>adducitur.</span> <span class='ocrx_word' id='word_1_401' title='bbox 508 3769 589 3840; x_wconf 79' lang='lat' dir='ltr'>Apud</span> <span class='ocrx_word' id='word_1_402' title='bbox 632 3770 808 3823; x_wconf 88' lang='lat' dir='ltr'>incalidiores</span> <span class='ocrx_word' id='word_1_403' title='bbox 814 3767 916 3839; x_wconf 79' lang='lat' dir='ltr'>plagas,</span> <span class='ocrx_word' id='word_1_404' title='bbox 927 3769 1065 3839; x_wconf 75' lang='lat' dir='ltr'>ingruente</span> <span class='ocrx_word' id='word_1_405' title='bbox 1073 3767 1129 3820; x_wconf 84' lang='lat' dir='ltr'>hie·</span> 
     </span>
     <span class='ocr_line' id='line_1_53' title="bbox 8 3845 1126 3920; baseline -0.002 -22"><span class='ocrx_word' id='word_1_406' title='bbox 8 3899 9 3908; x_wconf 55' lang='grc'>,</span> <span class='ocrx_word' id='word_1_407' title='bbox 87 3847 232 3900; x_wconf 87' lang='lat' dir='ltr'>Homerum</span> <span class='ocrx_word' id='word_1_408' title='bbox 256 3849 421 3920; x_wconf 81' lang='lat' dir='ltr'>¹splendidior</span> <span class='ocrx_word' id='word_1_409' title='bbox 438 3850 513 3901; x_wconf 88' lang='lat' dir='ltr'>locus</span> <span class='ocrx_word' id='word_1_410' title='bbox 533 3864 585 3917; x_wconf 86' lang='lat' dir='ltr'>est,</span> <span class='ocrx_word' id='word_1_411' title='bbox 632 3851 826 3920; x_wconf 69' lang='lat' dir='ltr'>me,cogitare‚</span> <span class='ocrx_word' id='word_1_412' title='bbox 836 3846 889 3897; x_wconf 85' lang='lat' dir='ltr'>vid.</span> <span class='ocrx_word' id='word_1_413' title='bbox 900 3845 934 3897; x_wconf 85' lang='lat' dir='ltr'>ad</span> <span class='ocrx_word' id='word_1_414' title='bbox 945 3848 1002 3897; x_wconf 79' lang='lat' dir='ltr'>AEn.</span> <span class='ocrx_word' id='word_1_415' title='bbox 1011 3846 1126 3912; x_wconf 84' lang='lat' dir='ltr'>v1,310.</span> 
     </span>
     <span class='ocr_line' id='line_1_54' title="bbox 8 3909 1127 3998; baseline -0.001 -21"><span class='ocrx_word' id='word_1_416' title='bbox 8 3909 10 3934; x_wconf 21' lang='grc' dir='ltr'>ι</span> <span class='ocrx_word' id='word_1_417' title='bbox 89 3943 172 3996; x_wconf 90' lang='lat' dir='ltr'>quum</span> <span class='ocrx_word' id='word_1_418' title='bbox 186 3927 303 3981; x_wconf 81' lang='lat' dir='ltr'>Achilles</span> <span class='ocrx_word' id='word_1_419' title='bbox 315 3928 373 3981; x_wconf 90' lang='lat' dir='ltr'>sola</span> <span class='ocrx_word' id='word_1_420' title='bbox 387 3931 440 3980; x_wconf 84' lang='lat' dir='ltr'>oris</span> <span class='ocrx_word' id='word_1_421' title='bbox 448 3931 585 3998; x_wconf 85' lang='lat' dir='ltr'>majestate</span> <span class='ocrx_word' id='word_1_422' title='bbox 630 3931 686 3984; x_wconf 88' lang='lat' dir='ltr'>Nec</span> <span class='ocrx_word' id='word_1_423' title='bbox 699 3931 775 3983; x_wconf 84' lang='lat' dir='ltr'>aliter</span> <span class='ocrx_word' id='word_1_424' title='bbox 787 3931 916 3980; x_wconf 88' lang='lat' dir='ltr'>Homerus</span> <span class='ocrx_word' id='word_1_425' title='bbox 928 3926 946 3979; x_wconf 96' lang='lat' dir='ltr'>l.</span> <span class='ocrx_word' id='word_1_426' title='bbox 959 3947 982 3979; x_wconf 87' lang='lat' dir='ltr'>c.</span> <span class='ocrx_word' id='word_1_427' title='bbox 994 3929 1055 3979; x_wconf 87' lang='lat' dir='ltr'>Nou</span> <span class='ocrx_word' id='word_1_428' title='bbox 1064 3944 1127 3978; x_wconf 82' lang='lat' dir='ltr'>vero</span> 
     </span>
     <span class='ocr_line' id='line_1_55' title="bbox 8 4003 1127 4078; baseline 0 -21"><span class='ocrx_word' id='word_1_429' title='bbox 8 4025 9 4032; x_wconf 51' lang='lat'>¹</span> <span class='ocrx_word' id='word_1_430' title='bbox 87 4003 205 4059; x_wconf 82' lang='lat' dir='ltr'>Teucros</span> <span class='ocrx_word' id='word_1_431' title='bbox 223 4007 359 4063; x_wconf 79' lang='lat' dir='ltr'>terrefacit</span> <span class='ocrx_word' id='word_1_432' title='bbox 376 4007 503 4078; x_wconf 51' lang='lat' dir='ltr'>lunda,</span> <span class='ocrx_word' id='word_1_433' title='bbox 524 4008 583 4064; x_wconf 82' lang='lat'>203.</span> <span class='ocrx_word' id='word_1_434' title='bbox 631 4011 667 4064; x_wconf 81' lang='lat' dir='ltr'>ad</span> <span class='ocrx_word' id='word_1_435' title='bbox 688 4010 801 4064; x_wconf 77' lang='lat' dir='ltr'>imbrem</span> <span class='ocrx_word' id='word_1_436' title='bbox 826 4009 969 4063; x_wconf 83' lang='lat' dir='ltr'>instantem</span> <span class='ocrx_word' id='word_1_437' title='bbox 993 4004 1127 4060; x_wconf 83' lang='lat' dir='ltr'>evolantes</span> 
     </span>
    </p>
   </div>
   <div class='ocr_carea' id='block_1_21' title="bbox 0 0 1366 4600">
    <p class='ocr_par' dir='ltr' id='par_1_24' title="bbox 0 0 1366 4600">
     <span class='ocr_line' id='line_1_56' title="bbox 0 0 1366 4600; baseline 0 0"><span class='ocrx_word' id='word_1_438' title='bbox 0 0 1366 4600; x_wconf 95' lang='lat' dir='ltr'> </span> 
     </span>
    </p>
   </div>
  </div>
 </body>
</html>
