2724 4600
196 2117 202 2144 l

239 358 300 400 102
481 337 515 397 Ρ.
539 333 769 398 VIRGILll
792 335 1022 402 MARONIS

234 461 342 548 Atque
354 458 462 524 solum
474 482 540 552 quo
552 458 652 547 Troja
665 459 745 522 fuit?
756 458 923 524 Xanthum
935 477 967 524 et
978 461 1143 526 Simoenta

234 563 364 644 Redde,
378 587 451 644 oro,
466 566 608 643 miseris,
623 565 808 654 iterumque
820 566 989 630 revolvere
1000 565 1094 632 casus

234 669 297 746 Da,
311 685 417 756 pater,
433 671 547 734 iliacos
560 670 731 734 Teucria„
748 671 835 734 Tum
847 672 936 758 regia
947 674 965 735 J
969 693 1036 736 uno

234 775 314 838 Acta
326 775 438 839 furore
451 776 559 863 gravi:
576 773 689 856 «Quid
701 797 753 840 me
766 774 828 840 alta
841 776 970 840 silentia
982 779 1070 864 cogis

236 881 416 966 Rumpere,
431 898 463 944 et
474 879 656 946 obductum
668 880 776 944 verbis
789 881 920 969 volgare
933 880 1101 946 dolorem?

236 986 359 1048 AEnean
372 984 544 1050 hominum
558 987 731 1075 qnisquam
744 985 923 1076 divomque
936 987 1065 1075 subegit

236 1090 325 1154 Bella
337 1092 445 1180 sequi,
459 1108 515 1160 aut
527 1091 657 1158 bostem
669 1091 738 1178 regi
750 1114 785 1156 se
797 1092 919 1156 inferre
932 1093 1068 1156 Latino}>

237 1195 364 1262 Italiam
376 1198 450 1265 fatis
462 1199 556 1285 petiit
568 1197 771 1276 auctoribus,
787 1214 871 1277 esto,

237 1301 425 1366 Cassandrae
437 1303 585 1390 inpulsus
598 1303 692 1366 furiis
705 1325 711 1365 :
725 1326 806 1368 num
819 1302 969 1391 linquere
984 1319 1089 1368 castra

169 1420 174 1438 ²
237 1407 367 1470 Hortati
380 1429 506 1486 sumus,
521 1424 577 1471 aut
589 1408 688 1470 vitam
700 1408 894 1472 conmittere
907 1409 1032 1472 ventis?

235 1512 323 1574 Num
334 1533 439 1598 puero
452 1535 613 1581 summam
624 1513 717 1593 belli,
731 1536 811 1575 num
824 1512 958 1578 credere
971 1509 1102 1577 muros?
1247 1542 1276 1587 7⁰

237 1615 483 1704 Tyrrhenamve
496 1605 610 1696 fidem,
623 1636 679 1682 aut
691 1619 797 1706 gentis
809 1620 931 1706 agitare
944 1617 1095 1707 quietas?

237 1790 269 1802 -
278 1766 316 1812 (io.
326 1767 388 1831 qttod
401 1771 426 1812 T.
438 1767 527 1816 aniclr.
539 1781 562 1816 et
573 1768 670 1814 Oudart.
684 1786 737 1820 am.
750 1785 785 1830 pr.
797 1784 849 1832 quoe
858 1770 918 1815 Ven.
931 1769 1029 1814 etheid.
1042 1766 1191 1830 corruptelas
1203 1769 1280 1812 nomi·

237 1851 295 1881 num
304 1836 428 1888 flitriorutu
437 1855 459 1886 v.
472 1855 508 1901 ap.
521 1841 599 1888 sum.
607 1839 683 1883 -ϋι,
694 1837 793 1886 erolum
802 1855 838 1901 pr.
849 1839 930 1886 llamb.
943 1836 1050 1884 resobm
1061 1838 1108 1882 Erl.
1116 1836 1192 1882 -63.
1203 1835 1277 1898 lctus.

238 1916 292 1962 tert.
305 1907 389 1952 Moret.
400 1925 421 1953 v.
433 1909 511 1956 lleins.
524 1924 575 1971 sup.
587 1909 617 1954 ad
627 1910 651 1962 1,
661 1908 713 1954 513.
722 1908 745 1971 f.
756 1911 821 1972 ymni
833 1916 866 1956 eet
875 1907 944 1956 Goth.
958 1923 1004 1954 aec.
1018 1923 1052 1956 me
1063 1908 1128 1952 abest
1138 1907 1231 1967 Meneg.
1243 1922 1279 1968 pr.

238 1993 302 2041 coqes
315 1977 362 2024 duo
373 1980 498 2026 Burmann.
508 2005 540 2016 -
548 1980 586 2036 64.
599 1979 712 2028 obtectum
724 1996 770 2028 sec·
782 1981 866 2032 uteret.
882 1979 932 2026 Sed·
945 1978 1035 2040 vulgata
1051 1977 1115 2040 apud
1129 1979 1246 2024 Lutatium
1257 1987 1282 2021 et

238 2050 348 2096 Nonium.
359 2052 437 2099 Burm-
447 2077 479 2088 ·-
489 2052 527 2102 65.
540 2053 659 2116 duamur
671 2064 723 2102 tert.
736 2050 806 2102 Goth.
820 2075 851 2088 -
864 2051 902 2112 67.
908 2050 967 2114 fiatis
975 2053 1055 2113 petiit:
1066 2067 1079 2096 e
1091 2050 1203 2094 Plotianis
1214 2047 1282 2094 ordi-

239 2134 294 2174 nem
302 2121 364 2178 bene
376 2122 494 2183 adoptavit
505 2125 620 2172 Heinsius.
634 2123 717 2185 Vulgg.
729 2137 809 2170 omnes
820 2138 825 2168 :
836 2121 970 2185 petiitfuti's.
983 2122 1047 2166 Rom.
1059 2118 1178 2183 pet'tsat's
1189 2119 1280 2179 Memfi.

239 2206 285 2242 ³30·
296 2193 468 2256 pettltsott'sque
481 2219 512 2232 -
523 2196 561 2241 68.
578 2199 631 2241 Non
647 2196 663 2242 l.
676 2212 696 2241 c.
715 2212 761 2242 sec.
774 2195 856 2242 llamb.
869 2195 961 2241 etVen.
971 2219 1002 2230 -
1014 2210 1051 2255 7⁰·
1067 2194 1120 2238 Nou
1134 2205 1204 2254 prm
1220 2190 1282 2235 eud.

234 2260 355 2319 flammam
364 2260 417 2306 belli
425 2263 540 2314 ldontalb.
550 2281 596 2314 uon
604 2267 694 2314 credere
702 2268 762 2314 Ven,
776 2277 799 2312 et
808 2263 921 2312 Montalb.
934 2266 1020 2310 Versus
1027 2264 1092 2310 abest
1103 2260 1172 2306 Goth.
1185 2272 1239 2306 tert.
1251 2284 1283 2295 -

240 2346 277 2391 7¹·
293 2331 475 2397 Tyrrhenumque
486 2336 572 2384 Medic.
583 2337 643 2384 oud.
655 2337 728 2384 etalii
739 2338 818 2382 lleins.
830 2352 883 2383 cum
892 2337 991 2382 Donato.
1001 2343 1024 2380 et
1032 2352 1054 2399 5.
1067 2336 1133 2380 Rom.
1142 2349 1165 2396 q.
1180 2335 1285 2396 equum

241 2451 325 2516 mlum
338 2473 390 2526 (11⁴0
406 2457 483 2528 Troia
495 2459 572 2528 fuit!
586 2473 614 2512 ut
626 2459 673 2514 lib.
685 2461 738 2525 Ill,
783 2463 858 2525 sivit,
873 2461 964 2518 nescio
979 2479 1013 2512 au
1027 2477 1080 2510 non
1095 2469 1175 2527 poeta.
1188 2453 1281 2525 paulo

244 2549 283 2582 ιι.
302 2533 406 2586 Scilicet
417 2536 560 2606 prestabat
582 2540 635 2604 sic,
652 2541 681 2593 in
698 2558 740 2594 ur
783 2542 861 2595 nimis
882 2541 999 2609 irrupturis
1022 2550 1148 2591 versetur.
1174 2535 1283 2588 Summa

240 2612 282 2668 bis
294 2612 351 2664 solo
362 2626 471 2684 aequate
480 2618 563 2669 ruinis
573 2621 738 2672 remansisse.
784 2622 919 2674 sententiae
939 2618 1009 2670 redit
1028 2617 1062 2670 ad
1080 2629 1173 2672 notum
1192 2611 1281 2664 illud:

240 2691 291 2743 Illa
303 2711 365 2744 vero
378 2694 543 2748 sublimiter:
560 2697 644 2752 redde
662 2699 740 2750 nobis
787 2699 851 2770 Quis
867 2698 958 2750 tulerit
971 2695 1100 2750 Gracchos
1115 2697 1146 2747 de
1156 2693 1283 2746 eudone

240 2771 348 2841 Trojam
358 2776 506 2844 antiquam!
515 2777 658 2830 Praestabat
668 2781 741 2831 sicin
785 2789 934 2851 querentes:
946 2780 1020 2849 atqui
1031 2776 1144 2828 Gracchi
1154 2777 1209 2825 fere
1219 2783 1282 2823 sunt

240 2851 346 2906 Troade
359 2857 526 2923 remansisse,
537 2860 666 2910 etiterum
681 2877 740 2910 eas·
783 2861 905 2929 plerique
923 2859 968 2929 qui
989 2857 1112 2927 injuriam
1134 2853 1192 2905 aliis
1213 2853 1283 2902 intu-

241 2931 301 2983 dem
312 2949 440 2989 aerumnus
448 2935 584 2988 tolerasse.
595 2937 659 2988 Erat
669 2940 740 2989 enim
783 2938 846 2991 lere.
857 2939 982 3008 injuriam
992 2933 1047 2987 fleri
1059 2943 1178 2985 statuunt
1185 2930 1236 2981 sibi
1246 2929 1282 2980 ab

242 3016 413 3069 memmium
428 3015 481 3078 ibi,
498 3033 533 3068 ne
547 3015 635 3068 denno
646 3016 740 3068 Achivi
782 3021 831 3084 iis,
847 3019 892 3088 qui
905 3016 938 3068 de
950 3033 1043 3068 eorum
1055 3014 1156 3083 injuriis
1168 3027 1285 3081 querun-

240 3094 407 3148 incursarent
424 3095 576 3159 Troadem,
595 3108 621 3148 et
633 3096 740 3152 easdem
782 3109 833 3150 tur.
847 3124 880 3136 --
893 3095 935 3148 63.
954 3094 996 3160 64.
1014 3095 1116 3161 accipio
1133 3088 1283 3140 secundum

241 3172 352 3240 injurias
364 3177 508 3239 inferrent,
522 3191 588 3245 quas
600 3175 682 3228 Troes
694 3193 740 3226 an·
780 3178 829 3229 illa
839 3175 885 3228 lib.
897 3178 925 3240 l,
942 3175 974 3225 23
985 3191 1042 3243 sqq.
1054 3171 1110 3220 Nec
1122 3167 1184 3220 dum
1199 3168 1285 3217 etiam

239 3261 286 3301 tea
306 3245 382 3302 erant
402 3256 511 3324 experti.
536 3255 672 3326 Frangunt
693 3256 755 3305 ln··
782 3269 875 3306 caune
886 3253 984 3302 irarum
996 3249 1107 3320 soevt'que
1118 3243 1217 3298 dolores
1228 3247 1286 3295 Ex-

241 3331 737 3400 terpp.postServiu1nvimtotiusloci.
783 3333 900 3384 ciderunt
916 3329 1005 3378 animo
1028 3337 1077 3377 etc.
1097 3353 1132 3363 -
1150 3324 1193 3393 67.
1214 3325 1284 3374 Fata

241 3409 337 3460 Similis
348 3413 475 3466 orationis
487 3413 562 3464 color
570 3431 627 3484 sup.
639 3417 675 3480 ll,
688 3414 740 3484 669
783 3410 897 3479 maligne
906 3405 1283 3476 interpretatur-lunellum-

242 3488 350 3539 Reddite
361 3507 402 3540 me
415 3492 524 3544 Danais,
785 3489 835 3540 ἀνω
841 3485 932 3555 furias
940 3484 967 3535 h.
980 3484 1122 3549 vaticinia,
1141 3501 1199 3554 quae
1212 3482 1282 3534 adeo

277 3567 311 3618 63
321 3585 379 3638 sqq.
390 3570 420 3619 ln
431 3573 550 3624 oratione
559 3571 738 3635 hacJunonis,
782 3567 868 3636 primo
890 3565 1009 3616 omnium
1029 3564 1091 3615 loco
1114 3563 1224 3614 AEneam
1245 3560 1281 3612 ad

243 3665 295 3716 qua
311 3648 420 3698 Veneris
438 3652 633 3701 accusationem
650 3667 681 3700 ea
696 3647 738 3698 di·
782 3647 833 3698 iter
844 3644 1042 3716 suscipiendum
1057 3644 1164 3717 adigere
1182 3641 1282 3694 debue-

241 3725 309 3789 luit,
329 3727 405 3794 quasi
422 3727 475 3777 suis
497 3728 737 3780 machinationibus
782 3745 828 3778 re:
842 3725 913 3777 conf.
925 3741 983 3795 sup.
996 3725 1042 3776 lib.
1053 3725 1107 3789 Ill,
1125 3722 1171 3775 183
1181 3739 1239 3792 sqq.
1253 3731 1280 3770 et

242 3804 406 3856 calamitates
414 3803 455 3856 hie
463 3805 577 3860 inductae
588 3810 640 3859 sint
647 3808 738 3877 Troja-
782 3807 858 3856 Tom.
872 3805 910 3869 ll,
921 3804 1036 3874 Disquis.
1049 3805 1089 3867 ll,
1101 3820 1121 3853 s.
1134 3803 1178 3851 Vl.
1189 3829 1224 3838 -
1234 3799 1278 3868 69.

241 3885 296 3946 nis,
312 3885 376 3934 etin
394 3883 539 3953 ijanos,
552 3888 617 3938 etin
631 3887 739 3938 AEneam
784 3883 878 3944 venti„
892 3883 1009 3953 ῥητορικῶς
1026 3882 1059 3934 de
1070 3881 1239 3952 navigatione
1252 3879 1280 3926 in

242 3963 438 4015 criminationes
449 3977 597 4034 retorquet,
610 3967 655 4035 qui
665 3967 739 4035 prior
783 3966 890 4030 Tiberi,
907 3982 960 4035 qua
979 3961 1148 4024 Evandrum,
1170 3971 1195 4011 et
1218 3957 1280 4009 inde

242 4041 322 4094 naliae
339 4041 429 4095 sedem
441 4043 556 4114 quietam
574 4043 645 4094 bello
657 4044 740 4098 laces·
783 4045 907 4096 Etruscos
919 4043 995 4114 petiit
1008 4035 1281 4109 AEneas.,-71.aqi-
