2736 4598
229 254 292 337 254
474 245 1019 336 Ρ.111111111111011ε

229 379 327 440 Hunc
339 371 392 438 illa
405 389 590 461 exceptum,
604 394 713 460 neque
727 372 815 434 enim
827 369 920 435 labor
931 369 1060 457 agmine
1072 388 1185 449 verse,

216 481 376 572 ,Trajiciu
391 497 423 544 et
435 479 616 567 superhaec
628 478 762 544 inimico
773 494 908 566 pectore
921 478 1026 543 fatur:
1225 485 1271 534 63⁵

233 615 245 645 i
257 587 351 651 Silvis
363 603 410 666 te,
423 585 612 674 Tyrrhene,
622 584 710 668 ¹feras
721 585 844 671 agitare
856 584 998 670 putasti?

229 691 371 756 Advenit
384 693 442 781 qui
453 707 561 756 vestre
573 689 643 770 dies
656 689 871 754 muliebribus
883 689 981 754 erinis
1038 729 1041 736 ·

229 798 338 862 Verba
351 797 572 884 redarguerit:
586 818 707 860 nomen
720 810 829 859 tamen
841 792 931 858 haud
943 795 1016 858 leve
1027 807 1159 881 patrum

228 904 381 968 Manibus
393 903 458 967 hoc
470 903 606 982 reseres,
619 901 687 965 telo
700 899 856 966 cecidisse
868 899 1022 964 Camillae.
1036 927 1050 956 1

228 1013 389 1073 Protenus
401 1006 609 1074 Orsilochum
622 1023 655 1072 et
666 1007 785 1085 Buten,
800 1005 867 1085 duo
880 1005 1019 1070 maxima
1030 1005 1202 1070 Teucrum
1227 1013 1274 1074 690
1345 999 1346 1018 ¹

230 1116 390 1202 Corpora3
404 1113 462 1178 sed
475 1114 580 1176 Buten
591 1134 743 1176 aversum
755 1109 891 1198 cuspide
903 1110 973 1174 fixit

230 1221 379 1286 Loricam
392 1219 582 1308 galeamque
596 1219 694 1298 inter‚·
709 1240 773 1305 qua
785 1217 869 1281 colla
880 1215 1025 1280 sedentis

231 1328 372 1404 Lucent,
387 1341 419 1388 et
430 1325 513 1388 laevo
526 1321 695 1412 dependet
706 1345 819 1410 parma
830 1321 967 1403 lecert03

229 1496 255 1538 in
267 1494 314 1538 line
326 1493 389 1538 abest
400 1491 486 1538 Medic.
498 1509 511 1538 a
522 1509 553 1538 m.
563 1508 599 1555 pr.
617 1518 649 1529 -
664 1491 718 1549 681.
735 1505 775 1538 uec
789 1507 848 1538 eitun
859 1483 906 1538 dui
918 1488 987 1538 Goth.
1001 1507 1023 1537 α,
1029 1489 1086 1553 fuso
1099 1503 1143 1552 pro
1156 1503 1205 1536 var.
1219 1487 1273 1533 lect.
1345 1503 1346 1538 i

230 1560 327 1607 Oudart.
335 1587 365 1596 -
372 1560 425 1606 685.
438 1576 506 1623 super
514 1560 554 1607 hoc
564 1564 658 1618 Franci,
669 1561 737 1608 male.
749 1564 788 1607 Est
798 1565 861 1608 enim
871 1579 876 1607 :
889 1560 1008 1625 ltoecftitur
1016 1575 1095 1624 super,
1105 1562 1211 1620 insuper,
1221 1553 1272 1602 ἰαί.
1345 1553 1346 1610 ᾖ

230 1655 262 1669 .-
270 1629 323 1675 686.
336 1629 430 1675 Sihriset
438 1631 503 1674 Rom.
512 1629 615 1688 Siloisve,
628 1635 653 1676 T.
665 1631 694 1677 ad
702 1631 888 1676 membranarum
897 1647 990 1677 suarum
998 1631 1067 1676 fidem
1075 1625 1274 1690 recepitBrunch.

232 1701 310 1760 (conf.
326 1702 378 1746 Not.
391 1718 413 1763 p*
429 1701 472 1746 530
481 1703 501 1760 )‚
517 1717 565 1746 non
577 1702 636 1748 male
647 1719 654 1758 ;
666 1701 736 1746 modo
750 1715 798 1747 non
810 1713 910 1748 metium
919 1703 1023 1749 violaret.
1035 1703 1095 1746 Tum
1107 1711 1135 1744 ne
1146 1699 1274 1744 sexcenties

230 1773 255 1815 in
268 1773 449 1832 interrogatione
461 1774 581 1817 omittitur.
598 1798 629 1807 -
644 1771 698 1834 687.
712 1788 764 1836 quoe
775 1790 796 1816 v.
807 1773 854 1818 dies
863 1773 961 1818 Oudart.
974 1780 1049 1817 nostra
1060 1771 1120 1816 Veu.
1126 1768 1190 1830 fides
1200 1768 1274 1826 Bigot.
1345 1803 1346 1824 ,

230 1835 323 1888 *fiee
341 1843 480 1906 redarguerit
494 1844 572 1890 Heius.
585 1845 690 1906 reposuit
704 1843 751 1888 sola
764 1846 901 1890 auctoritate
912 1845 1023 1889 Prisciani
1036 1854 1058 1888 et
1070 1839 1139 1886 codd.
1152 1837 1238 1884 schett
1252 1848 1274 1881 et
1345 1843 1346 1903 1

230 1913 322 1973 Menag.
335 1929 371 1976 pr.
385 1916 412 1959 Et
427 1927 461 1960 est
475 1930 529 1960 sene
542 1914 586 1960 hoc
600 1914 629 1960 ad
645 1914 764 1976 elegantiae
778 1929 870 1960 sensum
885 1917 1018 1968 venustius,
1034 1927 1103 1976 quain
1119 1911 1273 1972 redarguerem

232 1985 274 2027 etsi
285 1982 460 2046 diligentissime
471 1985 500 2031 ad
514 1987 713 2046 grammaticorum
725 1998 839 2047 praecepta
852 1987 881 2030 sit
893 1985 980 2029 dietum
992 1999 998 2028 t
1012 1983 1102 2031 aduenit
1114 1981 1173 2035 dies,
1187 1981 1228 2042 qui
1240 1992 1275 2022 ie-
1345 2023 1346 2042 7

230 2053 356 2116 durqueret.
368 2071 437 2100 uuum
448 2065 521 2100 tameo
533 2056 637 2102 Parrhas.
649 2064 741 2118 portum
754 2055 816 2100 idem
829 2063 852 2100 et
863 2053 941 2116 rulgg.
956 2053 1024 2108 edd,
1036 2051 1077 2098 sed
1088 2047 1209 2095 nonnullae
1220 2060 1273 2092 tau·
1345 2049 1346 2080 i

233 2134 281 2168 tum
293 2140 298 2168 :
310 2127 367 2170 vitio
379 2125 440 2170 haud
453 2127 524 2172 dubie
536 2143 658 2188 operarum
668 2143 673 2172 :
683 2125 748 2188 quod
755 2129 802 2188 jam
813 2128 838 2170 in
850 2125 886 2170 ed.
897 2125 957 2169 Ven.
973 2121 1066 2178 15111111
1075 2135 1157 2174 manus
1168 2119 1272 2164 incurrit.

230 2219 262 2228 -
277 2193 330 2252 689.
347 2197 382 2239 M.
395 2195 445 2241 iiiuc
459 2197 521 2243 idem
532 2197 637 2244 Parrhas.
655 2200 689 2242 Μ.
708 2197 754 2242 luec
770 2209 816 2244 tres
830 2198 914 2242 Moret.
928 2195 1013 2258 referas
1025 2193 1129 2238 Parthas.
1143 2189 1201 2236 hello
1214 2205 1233 2234 c.
1249 2187 1272 2232 C.

231 2263 273 2309 Ed.
281 2281 316 2325 pr.
327 2268 403 2310 Burm.
414 2268 516 2313 manibus
525 2285 545 2314 c.
556 2270 580 2313 C.
589 2269 675 2314 Medic.
687 2270 764 2314 Pierii.
773 2294 804 2304 -
811 2268 863 2329 690.
872 2264 1041 2320 Orchiloclium,
1051 2261 1207 2316 Hersileeum,
1214 2260 1274 2305 Hor·
1345 2309 1346 2312 Ἰ

232 2331 323 2388 siloam,
336 2335 443 2381 aberratt.
455 2339 494 2382 Est
505 2335 748 2400 'Omiseram-691.
761 2340 840 2384 Butam
852 2337 942 2383 zulich.
957 2335 1044 2382 Buthett
1056 2351 1092 2397 ap.
1106 2333 1222 2380 Rufinian.
1234 2329 1274 2374 ad-

231 2418 321 2447 versum
332 2416 387 2449 vett.
402 2404 454 2450 edd.
474 2418 496 2452 et
512 2407 568 2452 inde
579 2408 677 2470 vulgatae
688 2425 741 2454 cum
753 2410 822 2456 codd.
834 2421 908 2472 parte.
923 2397 973 2454 Sed'
983 2407 1154 2469 prestantiores
1168 2403 1237 2448 Pierii
1252 2411 1273 2445 et

232 2473 320 2519 Heinsii
333 2491 413 2522 omnes
424 2491 539 2532 aversum
548 2481 627 2542 sicque
641 2480 758 2525 Rufinian.
774 2492 797 2526 et
808 2480 925 2536 Macrob.‚
938 2483 1046 2542 quocirca
1059 2477 1167 2522 Heinsius
1178 2473 1272 2534 recepit·

231 2545 308 2590 Buten
325 2549 387 2592 enim
405 2549 544 2610 fugientem,
563 2562 586 2595 et
602 2551 749 2597 Orsilochum
762 2555 811 2614 ipsa
826 2553 918 2614 fugiens
932 2551 1078 2596 obtruncavit
1091 2545 1197 2593 Camilla.
1210 2543 1272 2588 Adde

233 2617 361 2674 graviorem
373 2619 498 2674 rationem,
511 2619 575 2680 quod
585 2619 686 2667 vulneris
698 2617 762 2667 locius
775 2637 819 2668 vss.
834 2621 889 2681 692.
900 2619 945 2682 69‘3
957 2635 1058 2667 aversam
1069 2618 1173 2678 corporis
1186 2624 1272 2676 partem

233 2686 286 2730 satis
296 2684 405 2733 declarat.
426 2688 517 2734 Vulnus
527 2689 628 2736 infertur
639 2706 707 2753 supra
720 2694 836 2738 sinistrum
848 2691 983 2746 humerum,
995 2693 1020 2735 in
1031 2691 1104 2750 ipsam
1116 2685 1212 2731 cervicis
1221 2697 1273 2727 ver·

233 2756 334 2814 mbram,
352 2775 403 2822 quae
415 2759 529 2806 attollitur
540 2761 672 2824 paullulum
685 2765 709 2808 in
721 2765 796 2826 capite
811 2765 971 2826 prominente,
986 2760 1059 2824 qualit
1071 2758 1165 2803 habitus
1176 2753 1273 2801 sedentis

234 2839 275 2871 est.
291 2829 396 2875 Variasse
406 2830 465 2876 adeo
477 2843 545 2893 poeta
556 2833 631 2879 videri
641 2833 711 2879 dehet
723 2834 807 2880 vulnus
819 2835 913 2880 Hectori
923 2833 952 2878 ab
961 2829 1051 2877 Achille
1060 2827 1151 2873 illatum
1162 2823 1227 2869 Iliad·
1240 2831 1272 2878 χ,

233 2897 277 2954 314
290 2915 340 2962 sqq.
356 2913 379 2946 et
393 2903 464 2966 Cycni
478 2901 562 2949 vulnus
574 2904 602 2949 ab
611 2903 701 2950 Achille
713 2917 833 2967 acceptum
843 2919 880 2966 ap.
894 2891 988 2950 riesiodss
1001 2905 1037 2948 Sc.
1048 2901 1116 2945 Herc·
1129 2897 1210 2953 l²⁰ne
1221 2893 1271 2948 45¹·

232 2969 335 3032 Utraque
352 2970 402 3018 loca
418 2971 500 3018 sedulo
516 2974 678 3035 comparanda.
698 2977 730 3020 Ex
746 2975 783 3020 his
794 2978 838 3038 ipsi
851 2986 926 3037 poetae
942 2983 1044 3020 mentem
1060 2970 1179 3032 assequuti
1190 2979 1272 3010 sumus.

233 3039 327 3086 aduerso
337 3045 427 3106 cuspide
437 3060 497 3090 uuus
506 3046 566 3090 Pier.
578 3058 600 3091 et
610 3047 675 3092 Leid.
682 3049 732 3110 jam
740 3063 829 3092 versum
840 3047 921 3091 Franc.
932 3060 947 3089 a
956 3044 1046 3106 cuspide
1055 3039 1137 3085 Hamlt.
1151 3035 1274 3096 alterfixit

233 3111 312 3157 Heius.
325 3129 377 3158 cum
388 3114 536 3170 melioribus,
554 3118 623 3161 etiam
634 3117 717 3172 Pierii,
736 3115 885 3179 pro'vulgsto
891 3117 951 3178 fiqit.
969 3131 1001 3150 -ὺ
1017 3107 1070 3173 691·
1082 3113 1141 3154 lmus
1153 3109 1233 3152 fflnc·
1245 3127 1273 3140 “““

233 3183 287 3242 693.
298 3186 387 3230 invenit
396 3203 442 3248 pro
451 3189 537 3233 Lucent
546 3188 609 3250 apud
618 3189 734 3234 Rufinian.
748 3189 777 3236 de
789 3188 879 3235 Schem.
892 3189 946 3233 Lex.
961 3203 986 3249 p.
1001 3183 1052 3240 241·

233 3313 338 3378 -684-
349 3328 498 3386 exceptum,
504 3319 606 3371 insidiis
617 3304 731 3372 circum·
774 3320 888 3374 silocltus
904 3338 918 3370 e
934 3317 1056 3385 Trojanis
1073 3329 1157 3384 supra
1168 3309 1227 3362 636.
1239 3333 1272 3346 -·

233 3404 351 3458 ventum,
359 3395 396 3444 ait
408 3397 493 3461 Seru,
502 3411 531 3448 ut
538 3416 597 3469 sup.
606 3400 655 3466 Vl,
669 3401 730 3469 173,
776 3402 836 3468 691.
846 3398 956 3452 sedentis
965 3400 993 3450 iu
1002 3413 1071 3465 equo
1084 3417 1089 3444 :
1103 3409 1154 3462 pro
1164 3388 1272 3460 vulgari»

233 3470 282 3522 sed
292 3483 346 3538 est,
360 3489 503 3544 assequuta
513 3479 666 3548 fugientem.
678 3480 732 3529 Ex·
776 3481 842 3548 ejus.
861 3479 922 3528 Non
938 3478 1009 3528 enim
1024 3476 1093 3525 inter
1112 3471 1169 3522 haec
1189 3467 1272 3518 omnia

234 3550 319 3620 cipere
337 3569 352 3601 a
369 3556 509 3607 venatione
529 3557 638 3616 ductum
651 3556 678 3607 h.
696 3556 731 3621 1.,
777 3551 1272 3618 91111110(1111111111111111111111031118881111

234 3640 266 3702 ut
276 3628 343 3680 hene
351 3630 438 3682 Burni.
450 3637 560 3686 monuit.
570 3665 605 3674 -
614 3637 674 3704 689.
683 3637 732 3687 Ea·
777 3636 893 3706 equestri
913 3635 1021 3686 versari.
1038 3631 1157 3693 Luserit,
1175 3627 1273 3697 elegen·

234 3709 295 3759 dem
307 3725 364 3777 sup.
376 3711 415 3774 X,
429 3712 479 3780 829
491 3731 546 3783 seq.
560 3715 595 3765 cf.
608 3713 702 3766 Gerda.
777 3726 884 3785 torpeo,
896 3724 1025 3784 apparent
1037 3706 1124 3772 nuda,
1134 3720 1161 3759 et
1172 3705 1272 3777 quidem

268 3787 327 3854 690.
339 3788 417 3839 Butes
427 3789 548 3844 diversus
557 3793 628 3844 forte
637 3793 671 3843 ah
684 3811 732 3861 eo,
777 3795 805 3844 in
818 3794 883 3845 laevo
895 3793 1018 3844 humero.
1033 3789 1104 3842 conf.
1122 3789 1188 3837 Ver·
1205 3787 1270 3836 Lect.

234 3867 279 3938 qui
291 3865 337 3916 lib.
350 3866 400 3933 lx,
412 3866 464 3934 617
479 3886 537 3938 sqq.
552 3883 731 3939 memoratur,
777 3885 803 3923 et
815 3873 862 3923 ini.
875 3871 940 3938 XII,
953 3871 1012 3922 381.
1031 3871 1091 3922 381.
1104 3864 1270 3917 Orsilochum
1345 3857 1346 3936 J

232 3960 258 3998 et
271 3946 305 3998 ah
317 3945 400 3998 altero
413 3947 505 4018 utique
516 3951 553 4015 V,
567 3949 628 4018 372.
639 3952 675 4002 At
684 3951 733 4002 Or·
778 3968 805 4002 se
818 3953 1003 4021 insequentem
1014 3949 1073 4018 ipsa
1083 3947 1171 4017 fugit,
1187 3947 1224 3997 ita
1234 3955 1273 3994 ta·
1345 3941 1346 3950 ³
