2736 4598
220 310 278 397 196
571 303 839 372 nxcnnsns
863 305 897 371 ι*

212 433 266 482 Aut
279 427 434 501 accipienda
446 439 472 481 et
484 429 625 482 scribenda
638 447 711 482 esse:
728 430 824 502 Cinyra
843 441 868 482 et
881 430 974 500 paitcis
990 433 1113 486 comitate
1133 436 1258 510 Cupauo,

215 523 244 560 nt
252 510 361 583 Cupavo
372 510 494 583 Cinyram
505 523 530 563 et
544 530 645 581 paucos
656 512 765 563 comites
778 510 910 563 habuerit.
923 513 984 563 Non
999 533 1048 586 ego
1058 528 1083 566 te
1092 519 1258 586 transierim,

215 609 231 639 o
250 590 361 663 Cupavo
378 593 503 643 comitate
517 590 614 664 Cinyra
625 604 651 642 et
663 593 756 662 paucis
768 612 774 641 ι
786 590 885 643 crimen
897 609 972 643 amor
983 604 1109 660 nestrum,
1122 611 1152 647 nt
1165 609 1192 648 et
1207 599 1259 668 ipsi

212 671 312 720 fuerint
325 670 392 722 alter
408 665 515 738 ignaris,
528 668 639 742 Cinyras
652 667 663 719 ὅ
676 665 793 738 r’par'anu.
805 671 874 721 Bene
891 670 943 721 hoc
958 671 1128 741 procederet,
1143 676 1196 726 nisi
1209 675 1259 728 ad-

210 751 310 818 jectum
324 762 391 801 esset
403 770 408 798 ε
416 749 566 820 famaque
581 749 681 820 insigne
698 759 835 820 patemoe:
857 747 930 820 qnod
942 748 977 799 ad
989 768 1071 801 unum
1083 750 1259 823 Cupavonem

213 829 307 879 referri
319 841 420 898 potest;
433 829 484 878 nisi
498 829 602 898 placeat
615 846 751 880 asserere:
765 840 883 880 extrema
894 827 949 880 haec
962 845 1019 882 esse
1031 829 1139 884 aliunde
1152 846 1260 900 assuta,

214 919 240 957 et
252 909 332 961 fuisse
346 920 449 966 tantum
464 925 478 958 a
490 907 602 959 Marone
616 909 689 978 prius
703 905 917 958 hemistichium:
933 907 1034 958 Crimen
1049 927 1125 960 amor
1135 921 1256 962 vestrum.

212 986 358 1038 Fatendum
372 999 460 1037 tamen
470 985 512 1037 vel
522 990 560 1039 sic
572 999 629 1036 toto
643 999 748 1038 extruso
763 1004 841 1036 versu
852 1006 858 1033 ι
874 985 977 1037 Crimen
989 1005 1065 1038 amor
1073 999 1201 1054 vestrum,
1217 1008 1259 1040 re-

211 1066 285 1138 liqna
298 1066 420 1138 expedita
434 1083 506 1127 essee
522 1067 627 1138 Cupauo
639 1069 746 1117 cristam
758 1065 840 1117 habet
853 1085 883 1118 ex
895 1067 990 1137 pennis
1003 1065 1113 1120 olorinis
1126 1087 1151 1121 v.
1167 1070 1215 1138 187
1228 1071 1256 1120 in

210 1151 366 1198 memoriam
377 1149 460 1218 patris
473 1146 554 1218 Cycni
565 1148 591 1197 in
601 1147 701 1199 olorem
710 1148 803 1198 mutati
816 1165 847 1198 ex
858 1149 940 1197 nimio
949 1146 1023 1198 luctu
1033 1147 1257 1216 dePhaethontis,

212 1245 290 1297 quem
304 1241 454 1291 amaverat,
468 1245 539 1279 casu.
553 1225 657 1299 Cygnus
671 1226 743 1298 apud
757 1226 883 1279 Ovidium
896 1227 914 1278 l.
931 1246 954 1278 c.
967 1225 1099 1280 Sthenelei
1111 1229 1183 1298 (non
1198 1229 1257 1282 Ste-

210 1307 279 1378 neli)
292 1307 374 1372 lilius,
386 1305 546 1358 Phaethonti
557 1318 671 1358 rnatcrno
684 1326 700 1356 α
711 1307 840 1380 sanquine
850 1309 974 1376 junctas,
991 1318 1076 1358 mente
1088 1318 1177 1360 tamen
1191 1328 1256 1380 pro·

207 1385 366 1456 piordictas.
375 1388 444 1436 inter
446 1384 575 1457 populeas
576 1385 686 1455 frondes
695 1387 867 1457 umbramque
874 1403 991 1437 sororum
998 1425 1008 1451 ‚
1015 1386 1132 1457 populos
1139 1387 1256 1460 (nigras,

210 1465 337 1538 alyrlpavr)
345 1505 353 1527 ,
366 1467 493 1518 electrum
504 1466 661 1518 exsudantes
671 1465 813 1536 (stephan.
828 1467 933 1537 Byzant.
948 1467 974 1517 in
987 1466 1125 1535 'asumptus
1143 1481 1170 1519 et
1185 1470 1258 1520 Aris-

210 1558 257 1596 tot.
278 1549 339 1597 Μὶν.
358 1545 448 1596 Audit.
468 1563 489 1597 s.
509 1542 617 1598 Narrat.
630 1565 653 1597 c.
667 1547 715 1612 82,
727 1546 774 1597 ubi
785 1545 839 1597 vid.
854 1546 1043 1619 Beckmann.)‚
1057 1549 1084 1598 in
1097 1566 1164 1619 quas
1176 1549 1259 1602 Phae·

209 1625 311 1677 thontis
324 1643 428 1677 sorores
442 1627 517 1678 fuere
530 1639 648 1687 mutatae;
667 1645 698 1676 ex
710 1625 900 1677 nonnullorum
914 1626 1008 1678 saltem
1021 1630 1173 1680 narratione
1185 1628 1257 1701 (vid.

209 1706 336 1775 Apollon.
358 1708 403 1772 lV,
424 1707 505 1778 604);
524 1725 585 1758 nam
599 1706 663 1757 alias
681 1709 707 1756 in
726 1706 816 1770 alnos,
833 1706 946 1772 larices,
964 1709 1068 1777 piceas,
1080 1721 1188 1760 mutata
1200 1727 1258 1762 esse

209 1785 343 1837 dicuntur.
357 1788 392 1838 cf.
407 1787 441 1838 ad
453 1787 507 1837 Ecl.
519 1789 568 1850 vt,
581 1787 623 1839 62.
635 1785 719 1858 Super
729 1785 821 1858 mytho
832 1785 865 1839 de
879 1805 961 1860 cycno
972 1787 1090 1858 Apollini
1100 1803 1258 1842 consecrato

209 1868 345 1938 ingeniose
356 1868 435 1938 plura
449 1868 645 1938 coagmentavit
660 1885 745 1938 nuper
757 1869 868 1918 Vossius
881 1866 991 1938 Mythol.
1006 1869 1110 1921 Briefe:
1128 1883 1158 1920 ut
1174 1871 1260 1941 inspi-

208 1945 304 1998 ciendo
318 1948 417 2017 passim
429 1946 498 1996 libro
512 1947 634 2018 cognovi.
652 1945 798 2015 Snbjiciam
811 1963 882 1996 nunc
896 1964 1003 2016 quoque
1015 1965 1061 2014 ea,
1081 1965 1139 2018 quae
1152 1950 1180 2000 in
1192 1947 1256 2000 Var.

207 2025 280 2078 Lect.
294 2025 357 2077 olim
370 2037 445 2078 erant
457 2037 558 2078 notata.
571 2025 631 2076 Dixi
646 2025 700 2092 ibi,
713 2025 778 2076 mihi
791 2037 876 2076 totum
888 2019 993 2076 nereum
1004 2043 1034 2077 ex
1044 2029 1163 2099 margine
1175 2031 1258 2101 irrep-

209 2109 273 2158 sisse
282 2105 383 2156 videri:
398 2108 434 2156 ita
447 2105 492 2156 ille
503 2119 631 2157 consutus
644 2118 684 2158 cst
697 2124 728 2158 ex
739 2105 809 2156 binis
821 2106 956 2156 sententiis
968 2104 1120 2158 hiantibus:
1136 2127 1198 2160 nam
1208 2129 1258 2162 nec

208 2186 269 2238 illa:
286 2185 389 2236 Crimen
401 2203 477 2236 amor
490 2197 602 2238 vestrum
616 2188 665 2257 per
685 2203 713 2238 se
731 2185 815 2235 ullum
833 2183 932 2235 habent
952 2185 1121 2236 commodum
1134 2205 1258 2256 sensum,

207 2283 240 2316 ne
252 2276 308 2313 tum
319 2262 440 2332 quidem,
454 2265 476 2316 si
486 2281 587 2318 venum
601 2265 702 2336 insigne
713 2263 800 2334 legas,
813 2281 878 2334 pro,
891 2265 988 2336 insigni
1001 2265 1092 2316 formae
1101 2285 1191 2319 versae.
1205 2268 1259 2321 Sed
1310 2286 1314 2292 ’

208 2341 387 2413 adscripserat
399 2338 496 2416 aliquis
507 2367 513 2395 :
526 2355 638 2418 surgunt
648 2345 679 2394 dc
691 2343 785 2394 vertice
793 2360 888 2414 pennoe
899 2367 905 2394 ι
913 2343 1012 2412 formae
1021 2343 1122 2417 insigne
1130 2359 1256 2419 paterna.

208 2423 346 2495 Supplevit
364 2443 470 2478 versum
489 2429 594 2496 ineptus
610 2425 692 2475 homo
710 2441 741 2474 ex
754 2422 857 2494 reliquo
871 2423 994 2492 Scholia,
1008 2427 1080 2497 quod
1091 2426 1257 2499 adscriptum

208 2515 265 2556 erat
273 2501 306 2554 de
317 2505 418 2556 incesto
429 2523 519 2558 amore
528 2504 610 2576 Cycni
620 2506 647 2554 in
656 2501 857 2554 Phaethontem.
868 2505 883 2555 J
886 2523 926 2554 am
936 2503 989 2556 hoc
998 2523 1074 2557 versu
1082 2508 1167 2575 ejecto
1176 2525 1257 2580 quam

207 2582 277 2635 bene
289 2583 437 2653 procedant
450 2585 615 2653 omnia',pt0
634 2599 662 2646 se
680 2581 793 2650 quisque
810 2581 942 2653 intelligit.
958 2583 1044 2635 Aliam
1061 2586 1119 2636 iniit
1131 2573 1204 2637 'viam
1216 2589 1258 2638 vir

208 2659 318 2728 doctus,
330 2663 444 2715 Ouwens
456 2665 532 2714 Noct.
547 2661 613 2732 Hag.
628 2661 678 2725 111,
692 2677 741 2728 27,
760 2662 807 2730 qui
821 2680 900 2713 omne
913 2663 1006 2714 vitium
1018 2664 1045 2714 in
1057 2664 1145 2715 verbis
1159 2664 1258 2736 Cinyra

209 2755 236 2794 et
248 2745 342 2814 quaerit
358 2757 384 2796 et
399 2743 537 2813 relinquit;
556 2753 584 2791 ut
597 2752 692 2810 agatur
708 2739 742 2792 de
761 2760 815 2791 uno
832 2741 990 2812 Cupavone3
1003 2755 1032 2794 ut
1042 2761 1136 2814 pennoe
1147 2743 1258 2798 alomna

210 2826 262 2875 sint
276 2844 325 2894 per
337 2826 532 2898 appositionem
547 2821 647 2892 iasipnc
654 2819 752 2890 fomroe
759 2833 876 2893 paterna
888 2822 984 2895 Cycni,
997 2837 1024 2876 et
1035 2825 1149 2888 emman,
1162 2843 1258 2878 caussa

210 2907 279 2955 tanti
286 2905 440 2968 infortunii,
451 2920 542 2965 amor,
555 2900 643 2952 luctus
654 2903 751 2953 nimius
762 2905 789 2954 in
801 2901 974 2955 Phaethontis
983 2918 1075 2956 morte.
1085 2897 1196 2956 cestrum
1206 2927 1258 2978 pro

212 2995 295 3034 tuum.
310 2985 396 3050 Quam
410 2981 476 3032 dura
489 2993 515 3031 et
528 2986 622 3031 coacta
633 2979 690 3032 haec
703 2984 770 3046 sint,
783 2981 862 3033 facile
875 2984 980 3034 sentias.
993 2984 1053 3033 Non
1066 2983 1261 3038 multumrece-

213 3059 251 3112 dit
261 3063 338 3113 tertia
346 3062 430 3123 ratio,
442 3076 520 3129 qnam
530 3058 675 3111 Branchins
686 3062 789 3128 intulit,
799 3063 1013 3132 interpunctione
1021 3075 1123 3114 mutata
1132 3083 1138 3113 r
1147 3081 1243 3134 penna
1252 3087 1261 3115 .-

216 3139 318 3190 Crn'men
326 3177 335 3201 ‚
347 3138 444 3201 Amor,
457 3147 567 3187 vestrum
575 3176 584 3203 ,
594 3137 741 3212 formaque
754 3140 856 3212 insigne
865 3151 989 3210 paterna.
1003 3141 1063 3190 Non
1076 3139 1176 3192 licebat
1189 3161 1262 3194 asse·

215 3219 261 3287 qui
274 3235 393 3280 sensum,
409 3217 459 3266 nisi
473 3228 537 3267 nota
552 3219 687 3289 inspecta;
702 3240 716 3271 c
731 3238 784 3290 qua
797 3230 921 3288 apparet,
934 3219 972 3268 sic
985 3216 1171 3287 accipiendum
1184 3239 1260 3274 esse:

214 3312 391 3366 panepenna,
405 3296 527 3361 oAmor,
548 3298 595 3348 tibi
613 3309 675 3351 sunt
689 3297 803 3349 crimini.
819 3297 913 3364 Exiget
930 3295 986 3344 hcc
999 3311 1066 3343 unus
1080 3293 1196 3366 quisque
1208 3317 1258 3370 pro

213 3394 250 3440 se,
261 3387 287 3426 et
299 3374 402 3439 videat,
415 3393 448 3427 an
458 3377 536 3430 valde
547 3377 637 3431 mollia
649 3382 756 3443 casim,
769 3389 795 3428 et
806 3373 1007 3448 accommodata
1019 3373 1136 3443 reliquis.
1151 3379 1259 3431 Incide-

214 3465 256 3505 rat
272 3455 298 3504 in
314 3454 427 3506 eandem
445 3459 576 3510 rationem
587 3458 805 3510 Jo.·Schraderus
825 3457 851 3503 in
872 3452 994 3518 schedis,
1014 3452 1148 3506 etlaudat
1166 3475 1259 3510 versus

173 3589 175 3594 .
215 3534 282 3585 Ciris
296 3535 346 3586 328
358 3535 421 3587 Non
435 3556 482 3611 epo
494 3549 517 3590 te
528 3557 608 3591 conor
619 3539 748 3601 Flectere,
761 3535 856 3597 Amor,
872 3545 922 3584 etc.
941 3534 1025 3584 Versu
1040 3533 1074 3585 ad
1090 3553 1178 3588 meum
1189 3539 1260 3608 judi·

216 3615 285 3664 cium
296 3615 381 3682 ejecto
394 3633 448 3668 non
459 3617 516 3670 hiat
528 3620 672 3681 sententia,
685 3615 732 3666 sed
743 3611 827 3663 multo
837 3613 921 3683 magis
931 3612 1000 3661 coit:
1014 3630 1129 3683 namque
1139 3614 1262 3667 redditur

217 3711 311 3745 caussa
324 3696 394 3764 ejus,
413 3698 486 3766 quod
503 3697 652 3750 antecedit:
666 3691 739 3765 quod
758 3691 875 3742 olorinas
888 3709 989 3762 pennas
1005 3709 1056 3762 pro
1076 3694 1155 3744 crista
1173 3707 1261 3765 gestat

216 3773 325 3843 Cupavo
337 3796 343 3824 z
356 3794 471 3847 namque
488 3779 577 3830 ferunt
589 3789 691 3847 patrem
706 3775 734 3823 in
751 3773 852 3824 olorem
865 3789 921 3824 esse
934 3783 1073 3822 mutatum.
1090 3773 1169 3822 Nunc
1179 3773 1258 3824 video

217 3853 367 3908 Wakefield
380 3857 528 3922 refinxisse3
548 3861 656 3910 Carmen
668 3871 717 3925 pro
730 3853 840 3903 crimen:
853 3865 883 3903 ut
898 3853 947 3904 sit:
966 3851 1127 3902 «Canabant
1139 3851 1174 3903 ad
1188 3871 1259 3922 prte-

217 3934 282 3986 lium
295 3949 401 4004 euntes,
420 3957 470 4009 pro
489 3958 563 3991 more
579 3937 754 4008 plurimarum
766 3935 897 4005 gentium,
911 3927 1027 3984 amorem
1041 3931 1123 4003 Cycni
1135 3933 1162 3982 in
1176 3933 1259 3984 Phae·

217 4019 325 4083 thoma,
339 4030 365 4068 ct
376 4021 551 4071 mutationem
569 4019 624 4082 ejus
637 4017 665 4065 in
681 4033 771 4078 avem,
782 4015 857 4083 cujas
868 4031 962 4084 penna
972 4012 1063 4083 galeas
1073 4029 1167 4062 eorum
1178 4013 1260 4083 insig-
