2718 4594
339 281 576 350 sucinos
600 280 754 346 mmm
776 285 862 349 xu.
1060 291 1122 378 319
1189 269 1191 276 ’

77 411 123 474 Ut
136 427 302 499 sceptrum
315 409 394 490 hoc,
409 408 522 476 dextra
534 423 701 496 sceptrum
712 431 789 473 nam
801 411 886 495 forte
899 411 1046 498 gerebat,

77 518 268 606 Numquam
280 515 400 580 fronde
412 515 478 578 levi
490 511 608 577 fundet
619 513 773 600 uirgulta,
787 537 897 605 neque
910 517 1056 600 umbras,

75 622 190 703 Quum
202 621 305 685 semel
317 621 351 684 in
360 620 467 698 silvis,
481 620 549 683 imo
562 617 603 682 de
616 619 717 706 stirpe
730 620 885 701 recisum,

76 729 185 790 Matre
198 742 300 806 earet,
313 725 491 814 posuitque
504 745 613 790 comas
627 740 660 788 et
670 723 805 791 brachia
816 726 920 808 ferr03

76 831 169 896 Olim
181 831 394 912 arbos3nunc
405 830 539 896 artificis
551 852 667 894 manus
680 851 743 894 aere
757 829 879 897 decoro
1083 865 1127 898 πω

77 936 462 1026 ΙηοΙυείῑ,ξρειῑΓί1)ιιεᾳυο
474 935 566 1001 dedit
579 952 705 1024 gestare
718 937 853 1002 Latinis.
866 965 880 997 o
957 1023 961 1031 A

76 1045 217 1110 Talibus
230 1047 316 1110 inter
328 1069 363 1111 se
375 1045 550 1110 firmabant
562 1044 688 1110 foedera
701 1045 811 1124 dictis,

77 1153 269 1240 Conspectu
281 1153 315 1216 in
327 1151 439 1216 medio
452 1173 629 1242 procerum
641 1175 648 1215 :
661 1169 733 1216 tum
745 1153 808 1215 rite
820 1167 960 1217 sacratas

78 1259 119 1321 ln
132 1257 299 1322 flammam
307 1258 462 1348 jugulant
472 1257 633 1348 pecudes,
649 1275 682 1324 et
693 1259 818 1324 viscera
829 1259 912 1323 vivis

76 1459 166 1505 muium
174 1463 270 1506 miscens
281 1459 380 1507 Dorvill.
394 1459 520 1527 coelumque
534 1461 614 1508 Heius.
626 1473 680 1524 post
691 1463 753 1508 Pier.
765 1478 778 1508 e
793 1459 863 1508 codd.
875 1477 919 1524 pro
934 1461 997 1526 vulg.
1014 1464 1130 1514 coelumve.

76 1533 140 1578 Tum
153 1535 176 1576 r'u
188 1535 214 1578 T.
224 1541 298 1578 vertat
311 1532 385 1579 codex
394 1535 478 1592 Pierii,
491 1533 588 1598 quidam
597 1535 676 1580 Heius.
688 1535 749 1580 Vcn.
761 1545 784 1580 et
795 1533 837 1579 Ed.
850 1550 886 1597 pr.
897 1535 1023 1582 Burmann.
1034 1564 1066 1574 -
1079 1541 1131 1586 206.

77 1603 121 1650 hoc
136 1603 218 1650 deerat
231 1604 328 1651 Mentel.
341 1615 377 1667 pr.
390 1615 503 1670 sceptrum
517 1607 598 1653 dextro
609 1606 683 1670 Bigot.
696 1607 777 1652 dextro
793 1605 833 1652 hoc
847 1616 960 1672 sceptrum
973 1623 1027 1654 nam
1040 1611 1131 1674 Hugen.

71 1674 168 1737 ferebat
174 1675 263 1721 Zulich.
272 1676 363 1740 repebat
370 1677 485 1723 Montani.
497 1678 589 1725 doctius
599 1694 666 1736 sane;
677 1690 700 1725 et
709 1680 835 1742 reposuite
845 1678 897 1724 cod.
906 1678 965 1724 Coll.
973 1681 1029 1726 Jesu
1037 1682 1132 1730 Wakef.

77 1771 111 1781 -
122 1759 174 1810 2⁰7.
186 1763 258 1812 neque
270 1749 350 1795 Heius.
367 1765 380 1795 e
394 1749 465 1796 codd.
480 1766 524 1813 pro
537 1767 578 1796 uec
586 1769 595 1804 ,·
608 1763 658 1797 tum
675 1751 777 1797 umbram
794 1767 830 1814 pr.
848 1752 933 1797 Moret.
952 1764 976 1796 et
989 1753 1094 1801 Macrob.
1111 1757 1134 1799 V

76 1817 173 1861 Saturn-
186 1817 303 1864 3.-208.
316 1819 442 1881 Perperam
453 1822 547 1867 Servius
559 1831 582 1866 et
592 1821 711 1877 Donatus,
728 1837 829 1883 cumque
841 1823 870 1866 iis
881 1823 983 1872 Pierius.
996 1836 1134 1884 argutantur

77 1899 151 1950 supra
160 1903 246 1949 genere
257 1891 321 1936 vocis
332 1893 418 1954 stirps:
431 1893 468 1947 in,
487 1894 531 1936 imo
545 1891 572 1936 de
583 1895 660 1953 stirpe.
677 1891 727 1938 vid.
739 1893 819 1937 Heius.
832 1890 894 1937 conf.
908 1907 959 1954 sup.
972 1893 1013 1938 Ge.
1026 1895 1059 1950 11,
1072 1895 1133 1957 379,

71 1970 105 2004 et
115 1958 159 2004 inf·
171 1959 224 2016 ΧΠ,
235 1973 280 2022 770
290 1973 314 2008 et
324 1961 376 2024 781'.
391 1958 462 2028 Nullp
473 1965 611 2009 necessitate
621 1975 727 2008 coactum
736 1974 830 2024 poetam
844 1961 943 2007 alterum
954 1961 1063 2010 maluisse
1075 1968 1133 2022 imo,
1143 1973 1148 1982 “

77 2028 190 2074 observat
202 2029 301 2088 Quintil.
312 2033 335 2087 1,
354 2031 381 2087 6,
401 2046 425 2088 1,
441 2031 502 2077 forte
521 2035 576 2094 quia
592 2030 684 2078 doctius
701 2043 758 2078 erat.
772 2034 816 2076 ima
830 2031 857 2076 de
868 2033 937 2092 stirpe
953 2033 1028 2093 Sprot.
1046 2049 1090 2080 uno
1105 2035 1134 2082 de

76 2098 186 2145 Parthas.
200 2115 246 2146 urta
256 2101 283 2147 de
294 2101 384 2148 Zulich.
393 2127 425 2138 -
435 2117 487 2164 ²⁰9·
500 2105 577 2149 Matre
585 2099 651 2150 cadet
661 2103 748 2149 Medic.
759 2127 791 2138 -
799 2117 851 2147 211.
863 2110 950 2148 certare
960 2101 1029 2148 Goth.
1038 2105 1134 2152 Latinus

77 2170 148 2216 Leid.
159 2192 191 2206 --
204 2171 256 2216 213.
268 2175 291 2217 iu
301 2173 367 2219 abest
378 2173 454 2220 tribus
467 2176 547 2222 Heius.
564 2187 587 2222 et
600 2175 679 2221 Burin·
696 2176 752 2220 item
765 2173 835 2220 Goth.
848 2185 900 2220 tert.
912 2175 1035 2238 Prospectu
1046 2177 1135 2224 Medic.

78 2240 175 2297 -214
184 2243 294 2303 flammas
304 2242 403 2290 Mentel.
423 2261 460 2308 pr.
480 2262 540 2292 am.
559 2263 596 2310 pr.
616 2257 640 2292 et
659 2243 765 2291 Perrhae.

79 2409 140 2480 gari
158 2407 239 2461 modo
258 2409 388 2482 loquendi
409 2412 587 2468 effunduntur
631 2411 716 2466 tellus.
727 2414 817 2466 Potest
829 2423 934 2476 tamen,
946 2410 1020 2482 quud
1029 2411 1133 2482 malim,

80 2487 161 2540 undae
179 2491 206 2540 in
226 2490 348 2544 tellurem
364 2516 370 2544 r
385 2494 458 2547 unde
474 2513 523 2566 per
538 2493 587 2566 hy·
631 2494 665 2547 de
679 2495 738 2566 ipsa
754 2495 853 2564 stirpe,
870 2506 966 2544 trunco
981 2511 1043 2545 cum
1058 2494 1133 2546 radi-

79 2567 208 2641 pallngen
228 2569 329 2624 dictum
352 2577 458 2644 putavit
478 2574 584 2626 Servius
630 2575 723 2639 cibus,
737 2575 832 2645 accipi.
846 2573 893 2625 Est
904 2572 961 2624 haec
973 2572 1082 2626 Pindari
1093 2593 1134 2626 ar-

80 2660 109 2700 et
122 2647 177 2699 atii.
190 2647 242 2700 Sed
255 2652 444 2706 constituenda
455 2666 496 2705 est
508 2654 591 2703 notio⁵
629 2654 679 2706 bos
702 2648 736 2706 fir
753 2650 893 2721 tpupotesoe
912 2653 994 2720 χοῖρον.
1016 2680 1051 2692 ·-
1072 2670 1133 2706 210.

79 2727 126 2779 cori
135 2727 263 2799 effundet
272 2749 303 2782 ex
320 2731 405 2782 altero
417 2730 508 2783 solvar.
521 2727 585 2782 Tel·
630 2734 691 2783 AEre
724 2744 848 2782 ornatum
872 2743 1008 2801 sceptrum
1035 2732 1133 2802 cogita.

79 2807 169 2858 lurein
178 2809 246 2859 mari
256 2808 380 2861 obrutam
393 2823 419 2862 et
429 2809 586 2861 dissolutam
630 2810 677 2863 Vis
692 2822 781 2861 autem
799 2809 1007 2879 comparationis
1019 2810 1048 2860 in
1061 2808 1134 2865 hocs

81 2905 114 2939 ac
127 2885 302 2956 liquefactam
314 2889 353 2939 vis
364 2889 450 2957 major
462 2887 548 2940 diluat
560 2901 587 2940 et
631 2888 722 2940 uthoc
734 2901 885 2959 sceptrum,
898 2887 955 2938 haec
966 2886 1058 2953 hasta,
1069 2907 1136 2941 nun·

80 2963 208 3019 effundat
225 2965 253 3016 in
268 2985 363 3018 mare:
382 2979 511 3037 tanquam
529 2967 587 3038 gie·
633 2985 714 3038 quam
730 2966 921 3037 repullulabit‚
940 2967 977 3016 sie
996 2983 1134 3037 nunquam

81 3045 147 3098 bam
165 3044 258 3110 illam,
278 3047 352 3106 βὸλοι
373 3042 444 3115 ὑγρὰ
455 3083 466 3111 ,
487 3045 588 3098 Medea
634 3044 730 3098 abhoc
742 3044 843 3097 foedere
853 3042 986 3096 recedam.
997 3043 1081 3096 Aliter
1091 3063 1134 3099 res

83 3126 159 3196 apud
169 3124 312 3177 Pindarum
323 3126 399 3199 Pyth.
413 3127 463 3191 Ν,
479 3125 513 3195 67
532 3143 588 3197 seq.
634 3143 662 3177 se
689 3123 772 3176 habet
802 3121 876 3196 apud
904 3121 1068 3189 Homerum,
1086 3125 1134 3177 ubi

84 3203 180 3257 cottum
191 3206 219 3257 t'n
233 3207 345 3258 Tartara
356 3204 423 3260 solvi
430 3205 473 3272 ,h.
485 3225 507 3258 e.
517 3223 591 3258 reso·
634 3203 751 3256 Achilles
763 3214 818 3255 tarn
831 3214 902 3254 certe
917 3202 958 3253 sui
972 3201 1135 3257 desiderium

83 3285 172 3337 lutum
190 3301 251 3336 cum
272 3286 388 3338 Tartaro
406 3286 520 3338 misceri.
546 3283 589 3336 nd
633 3285 783 3338 subiturum
807 3299 864 3334 esse
882 3281 990 3333 Achivis
1014 3301 1135 3353 pronun-

87 3349 234 3418 206...'.211
249 3368 293 3418 vix
309 3385 417 3421 necesse
433 3379 463 3418 ut
476 3383 588 3418 monea-
632 3369 696 3430 tint,
710 3377 793 3435 quam
806 3373 878 3415 certe
896 3373 1046 3432 sceptrum,
1061 3365 1135 3436 quod

84 3461 161 3507 mus,
180 3443 237 3497 haeo
253 3463 285 3498 ex
300 3445 376 3499 iliad.
394 3467 426 3512 ι,
443 3446 494 3514 2324
511 3463 585 3518 seqq.
632 3445 776 3520 gestabat,
799 3451 937 3513 nunquam
957 3443 1054 3495 iterum
1077 3463 1135 3499 esse

85 3539 145 3575 esse
162 3522 330 3578 adumbrata.
353 3528 517 3599 comparent
532 3538 588 3578 stu·
633 3523 864 3598 repullulntururn.
878 3523 989 3594 Utrique
998 3537 1084 3594 poetae
1097 3528 1136 3579 in-

85 3601 319 3672 diosiipsaverbn.
328 3604 429 3658 Valerii
438 3605 589 3657 flaccidis
630 3608 702 3677 juria
713 3605 785 3656 facta
797 3621 814 3654 a
823 3603 887 3654 viris
899 3601 1001 3668 doctis,
1015 3606 1060 3674 qui
1073 3605 1137 3659 alte·

86 3693 127 3734 est
144 3681 384 3750 insinuationi,
402 3701 452 3754 7⁰7
466 3702 540 3754 seqq.
553 3709 591 3726 -·
634 3701 693 3737 rnm
713 3681 789 3735 alteri
807 3682 939 3734 anteferre
962 3683 1079 3736 voluere.
1099 3715 1135 3726 -

86 3762 148 3815 208.
160 3779 243 3833 quum
251 3761 332 3815 semel
340 3760 418 3818 irruo}
426 3765 510 3832 repaire
520 3760 592 3829 ‘rupit
636 3765 696 3817 213.
714 3761 774 3828 nid.
788 3761 837 3812 rite
847 3772 958 3814 socratas
975 3764 1009 3814 cf.
1028 3779 1086 3835 sup.
1100 3765 1136 3817 ad

86 3839 124 3911 (h.
138 3844 264 3913 stirpem,
276 3842 349 3896 undo
365 3845 479 3896 recisum
495 3843 557 3916 fuit)
569 3845 590 3897 ir
634 3859 761 3914 t.17n....
781 3826 1134 3918 174.Ioflammamjuqu2

88 3922 161 3990 ὅμου
172 3919 272 3974 sormi.
281 3933 403 3988 metm,
416 3922 449 3976 de
462 3935 548 3990 terra,
560 3936 592 3976 ut
636 3922 709 3988 lent,
721 3933 751 3973 ut
763 3937 832 3994 sape
841 3923 898 3992 jam
910 3921 1038 3988 vidimus,
1049 3924 1134 3974 verbo

7 4053 8 4068 .
88 4021 148 4078 ουρ.
163 4003 219 4073 XI,
236 4021 267 4078 71
286 4003 352 4063 uon
364 4005 424 4079 jam
439 4013 524 4062 mater
541 4002 593 4060 etit
635 4001 1135 4070 notusresolutoinslterumrerbum,
