<?xml version="1.0" encoding="UTF-8"?>
<!DOCTYPE html PUBLIC "-//W3C//DTD XHTML 1.0 Transitional//EN"
    "http://www.w3.org/TR/xhtml1/DTD/xhtml1-transitional.dtd">
<html xmlns="http://www.w3.org/1999/xhtml" xml:lang="en" lang="en">
 <head>
  <title>
</title>
<meta http-equiv="Content-Type" content="text/html;charset=utf-8" />
  <meta name='ocr-system' content='tesseract 3.04.00' />
  <meta name='ocr-capabilities' content='ocr_page ocr_carea ocr_par ocr_line ocrx_word'/>
</head>
<body>
  <div class='ocr_page' id='page_1' title='image "./pvirgiliusmaroq03barbgoog_0277.png"; bbox 0 0 2736 4598; ppageno 0'>
   <div class='ocr_carea' id='block_1_1' title="bbox 332 255 1097 361">
    <p class='ocr_par' dir='ltr' id='par_1_1' title="bbox 332 255 1097 361">
     <span class='ocr_line' id='line_1_1' title="bbox 332 255 1097 361; baseline 0.001 -3"><span class='ocrx_word' id='word_1_1' title='bbox 332 255 566 360; x_wconf 79' lang='lat' dir='ltr'>AEuuluos</span> <span class='ocrx_word' id='word_1_2' title='bbox 589 293 743 361; x_wconf 80' lang='lat' dir='ltr'>nmen</span> <span class='ocrx_word' id='word_1_3' title='bbox 765 295 828 360; x_wconf 84' lang='lat' dir='ltr'>xr.</span> <span class='ocrx_word' id='word_1_4' title='bbox 1036 291 1097 360; x_wconf 77' lang='lat'>265</span> 
     </span>
    </p>
   </div>
   <div class='ocr_carea' id='block_1_2' title="bbox 51 415 1104 1144">
    <p class='ocr_par' dir='ltr' id='par_1_2' title="bbox 51 415 1098 823">
     <span class='ocr_line' id='line_1_2' title="bbox 51 415 1007 507; baseline -0.005 -21"><span class='ocrx_word' id='word_1_5' title='bbox 51 416 284 496; x_wconf 84' lang='lat' dir='ltr'>Orsilochum,</span> <span class='ocrx_word' id='word_1_6' title='bbox 298 417 427 505; x_wconf 76' lang='lat' dir='ltr'>fugiens</span> <span class='ocrx_word' id='word_1_7' title='bbox 439 441 661 506; x_wconf 85' lang='lat' dir='ltr'>magnumque</span> <span class='ocrx_word' id='word_1_8' title='bbox 673 421 791 506; x_wconf 88' lang='lat' dir='ltr'>agitata</span> <span class='ocrx_word' id='word_1_9' title='bbox 803 441 863 507; x_wconf 90' lang='lat' dir='ltr'>per</span> <span class='ocrx_word' id='word_1_10' title='bbox 875 415 1007 496; x_wconf 83' lang='lat' dir='ltr'>orbem,</span> 
     </span>
     <span class='ocr_line' id='line_1_3' title="bbox 51 523 1098 613; baseline 0.002 -25"><span class='ocrx_word' id='word_1_11' title='bbox 51 523 172 589; x_wconf 88' lang='lat' dir='ltr'>Eludit</span> <span class='ocrx_word' id='word_1_12' title='bbox 184 546 264 612; x_wconf 80' lang='lat' dir='ltr'>gyro</span> <span class='ocrx_word' id='word_1_13' title='bbox 276 523 426 602; x_wconf 89' lang='lat' dir='ltr'>interior,</span> <span class='ocrx_word' id='word_1_14' title='bbox 440 524 654 612; x_wconf 91' lang='lat' dir='ltr'>sequiturque</span> <span class='ocrx_word' id='word_1_15' title='bbox 667 542 875 613; x_wconf 89' lang='lat' dir='ltr'>sequentem;</span> <span class='ocrx_word' id='word_1_16' title='bbox 1054 529 1098 590; x_wconf 80' lang='lat'>⁶95</span> 
     </span>
     <span class='ocr_line' id='line_1_4' title="bbox 51 627 1015 718; baseline -0.001 -25"><span class='ocrx_word' id='word_1_17' title='bbox 51 631 147 693; x_wconf 86' lang='lat' dir='ltr'>Tum</span> <span class='ocrx_word' id='word_1_18' title='bbox 161 627 302 692; x_wconf 86' lang='lat' dir='ltr'>validam</span> <span class='ocrx_word' id='word_1_19' title='bbox 314 651 441 717; x_wconf 87' lang='lat' dir='ltr'>perque</span> <span class='ocrx_word' id='word_1_20' title='bbox 453 650 543 692; x_wconf 87' lang='lat' dir='ltr'>arma</span> <span class='ocrx_word' id='word_1_21' title='bbox 554 629 625 696; x_wconf 85' lang='lat' dir='ltr'>viro</span> <span class='ocrx_word' id='word_1_22' title='bbox 636 652 763 718; x_wconf 82' lang='lat' dir='ltr'>perque</span> <span class='ocrx_word' id='word_1_23' title='bbox 777 651 850 696; x_wconf 88' lang='lat' dir='ltr'>ossa</span> <span class='ocrx_word' id='word_1_24' title='bbox 860 628 1015 706; x_wconf 89' lang='lat' dir='ltr'>securim,</span> 
     </span>
     <span class='ocr_line' id='line_1_5' title="bbox 53 735 807 823; baseline -0.001 -25"><span class='ocrx_word' id='word_1_25' title='bbox 53 736 166 800; x_wconf 84' lang='lat' dir='ltr'>Altior</span> <span class='ocrx_word' id='word_1_26' title='bbox 178 756 368 821; x_wconf 75' lang='lat' dir='ltr'><strong>exsurgens,</strong></span> <span class='ocrx_word' id='word_1_27' title='bbox 383 735 489 798; x_wconf 86' lang='lat' dir='ltr'>oranti</span> <span class='ocrx_word' id='word_1_28' title='bbox 502 751 534 798; x_wconf 92' lang='lat' dir='ltr'>et</span> <span class='ocrx_word' id='word_1_29' title='bbox 545 735 647 799; x_wconf 86' lang='lat' dir='ltr'>multe</span> <span class='ocrx_word' id='word_1_30' title='bbox 659 736 807 823; x_wconf 80' lang='lat' dir='ltr'>precanti</span> 
     </span>
    </p>

    <p class='ocr_par' dir='ltr' id='par_1_3' title="bbox 54 839 868 927">
     <span class='ocr_line' id='line_1_6' title="bbox 54 839 868 927; baseline -0.001 -24"><span class='ocrx_word' id='word_1_31' title='bbox 54 841 278 927; x_wconf 88' lang='lat' dir='ltr'>Congeminat</span> <span class='ocrx_word' id='word_1_32' title='bbox 290 863 296 902; x_wconf 92' lang='lat'>:</span> <span class='ocrx_word' id='word_1_33' title='bbox 311 840 429 902; x_wconf 85' lang='lat' dir='ltr'>volnus</span> <span class='ocrx_word' id='word_1_34' title='bbox 441 839 548 904; x_wconf 88' lang='lat' dir='ltr'>calido</span> <span class='ocrx_word' id='word_1_35' title='bbox 560 841 642 926; x_wconf 89' lang='lat' dir='ltr'>rigat</span> <span class='ocrx_word' id='word_1_36' title='bbox 654 864 711 906; x_wconf 85' lang='lat' dir='ltr'>ora</span> <span class='ocrx_word' id='word_1_37' title='bbox 723 840 868 905; x_wconf 88' lang='lat' dir='ltr'>cerebro.</span> 
     </span>
    </p>

    <p class='ocr_par' dir='ltr' id='par_1_4' title="bbox 55 929 1104 1144">
     <span class='ocr_line' id='line_1_7' title="bbox 55 929 902 1033; baseline -0.004 -22"><span class='ocrx_word' id='word_1_38' title='bbox 55 944 183 1011; x_wconf 80' lang='lat' dir='ltr'>Incidit</span> <span class='ocrx_word' id='word_1_39' title='bbox 193 944 286 1024; x_wconf 90' lang='lat' dir='ltr'>huic,</span> <span class='ocrx_word' id='word_1_40' title='bbox 299 929 645 1033; x_wconf 47' lang='lat' dir='ltr'>subitoque&#39;adspectu</span> <span class='ocrx_word' id='word_1_41' title='bbox 657 947 789 1011; x_wconf 90' lang='lat' dir='ltr'>territus</span> <span class='ocrx_word' id='word_1_42' title='bbox 801 945 902 1022; x_wconf 85' lang='lat' dir='ltr'>haesit</span> 
     </span>
     <span class='ocr_line' id='line_1_8' title="bbox 55 1053 1104 1144; baseline 0.001 -24"><span class='ocrx_word' id='word_1_43' title='bbox 55 1054 331 1144; x_wconf 76' lang='lat' dir='ltr'>Appenninicolae</span> <span class='ocrx_word' id='word_1_44' title='bbox 343 1053 483 1118; x_wconf 83' lang='lat' dir='ltr'>bellator</span> <span class='ocrx_word' id='word_1_45' title='bbox 496 1053 582 1118; x_wconf 88' lang='lat' dir='ltr'>filius</span> <span class='ocrx_word' id='word_1_46' title='bbox 597 1055 694 1134; x_wconf 89' lang='lat' dir='ltr'>Auni,</span> <span class='ocrx_word' id='word_1_47' title='bbox 742 1129 745 1140; x_wconf 41' lang='grc' dir='ltr'>Ι</span> <span class='ocrx_word' id='word_1_48' title='bbox 834 1093 835 1096; x_wconf 34' lang='lat'>¹</span> <span class='ocrx_word' id='word_1_49' title='bbox 1058 1077 1104 1124; x_wconf 78' lang='lat'>7⁰⁰</span> 
     </span>
    </p>
   </div>
   <div class='ocr_carea' id='block_1_3' title="bbox 53 1227 1172 2716">
    <p class='ocr_par' dir='ltr' id='par_1_5' title="bbox 53 1227 1172 2716">
     <span class='ocr_line' id='line_1_9' title="bbox 86 1227 1103 1304; baseline -0.006 -21"><span class='ocrx_word' id='word_1_50' title='bbox 86 1236 144 1301; x_wconf 64' lang='lat'>696.</span> <span class='ocrx_word' id='word_1_51' title='bbox 158 1239 221 1284; x_wconf 87' lang='lat' dir='ltr'>Dum</span> <span class='ocrx_word' id='word_1_52' title='bbox 227 1256 248 1284; x_wconf 89' lang='lat' dir='ltr'>u.</span> <span class='ocrx_word' id='word_1_53' title='bbox 259 1238 347 1286; x_wconf 79' lang='lat' dir='ltr'>zulich.</span> <span class='ocrx_word' id='word_1_54' title='bbox 359 1252 382 1286; x_wconf 91' lang='lat' dir='ltr'>et</span> <span class='ocrx_word' id='word_1_55' title='bbox 391 1227 500 1286; x_wconf 66' lang='lat' dir='ltr'>llo&#39;ttend.</span> <span class='ocrx_word' id='word_1_56' title='bbox 511 1254 556 1286; x_wconf 88' lang='lat' dir='ltr'>sec.</span> <span class='ocrx_word' id='word_1_57' title='bbox 567 1239 613 1287; x_wconf 87' lang='lat' dir='ltr'>Sed</span> <span class='ocrx_word' id='word_1_58' title='bbox 622 1240 754 1304; x_wconf 73' lang='lat' dir='ltr'>praeteriere</span> <span class='ocrx_word' id='word_1_59' title='bbox 764 1237 843 1285; x_wconf 77' lang='lat' dir='ltr'>Heius.</span> <span class='ocrx_word' id='word_1_60' title='bbox 854 1250 878 1284; x_wconf 85' lang='lat' dir='ltr'>et</span> <span class='ocrx_word' id='word_1_61' title='bbox 884 1239 961 1284; x_wconf 78' lang='lat' dir='ltr'>surm.</span> <span class='ocrx_word' id='word_1_62' title='bbox 969 1236 1103 1283; x_wconf 83' lang='lat' dir='ltr'>varietatem</span> 
     </span>
     <span class='ocr_line' id='line_1_10' title="bbox 54 1303 1104 1372; baseline -0.01 -14"><span class='ocrx_word' id='word_1_63' title='bbox 54 1311 127 1358; x_wconf 89' lang='lat' dir='ltr'>aliam</span> <span class='ocrx_word' id='word_1_64' title='bbox 135 1313 209 1372; x_wconf 85' lang='lat' dir='ltr'>magis</span> <span class='ocrx_word' id='word_1_65' title='bbox 217 1310 405 1356; x_wconf 83' lang='lat' dir='ltr'>memorabilem:</span> <span class='ocrx_word' id='word_1_66' title='bbox 418 1308 492 1356; x_wconf 83' lang='lat' dir='ltr'>ualida</span> <span class='ocrx_word' id='word_1_67' title='bbox 501 1315 581 1357; x_wconf 80' lang='lat' dir='ltr'>securi.</span> <span class='ocrx_word' id='word_1_68' title='bbox 592 1313 625 1358; x_wconf 87' lang='lat' dir='ltr'>lta</span> <span class='ocrx_word' id='word_1_69' title='bbox 637 1312 722 1358; x_wconf 88' lang='lat' dir='ltr'>Medic.</span> <span class='ocrx_word' id='word_1_70' title='bbox 735 1312 806 1356; x_wconf 86' lang='lat' dir='ltr'>Pierii</span> <span class='ocrx_word' id='word_1_71' title='bbox 817 1325 823 1355; x_wconf 78' lang='grc' dir='ltr'><strong><em>ε</em></strong></span> <span class='ocrx_word' id='word_1_72' title='bbox 834 1322 857 1355; x_wconf 92' lang='lat' dir='ltr'>et</span> <span class='ocrx_word' id='word_1_73' title='bbox 867 1307 943 1354; x_wconf 85' lang='lat' dir='ltr'>Julius</span> <span class='ocrx_word' id='word_1_74' title='bbox 950 1307 1046 1352; x_wconf 86' lang='lat' dir='ltr'>Sabinus</span> <span class='ocrx_word' id='word_1_75' title='bbox 1055 1303 1104 1348; x_wconf 79' lang='lat' dir='ltr'>haee</span> 
     </span>
     <span class='ocr_line' id='line_1_11' title="bbox 54 1376 1105 1446; baseline 0 -20"><span class='ocrx_word' id='word_1_76' title='bbox 54 1381 144 1426; x_wconf 86' lang='lat' dir='ltr'>habet:</span> <span class='ocrx_word' id='word_1_77' title='bbox 158 1399 168 1419; x_wconf 77' lang='grc' dir='ltr'>ι</span> <span class='ocrx_word' id='word_1_78' title='bbox 178 1381 324 1441; x_wconf 81' lang='lat' dir='ltr'>Apronianus</span> <span class='ocrx_word' id='word_1_79' title='bbox 334 1379 404 1441; x_wconf 87' lang='lat' dir='ltr'>legit:</span> <span class='ocrx_word' id='word_1_80' title='bbox 415 1377 490 1425; x_wconf 74' lang='lat' dir='ltr'>nubilo</span> <span class='ocrx_word' id='word_1_81' title='bbox 499 1386 574 1426; x_wconf 85' lang='lat' dir='ltr'>securt&#39;</span> <span class='ocrx_word' id='word_1_82' title='bbox 582 1384 722 1446; x_wconf 76' lang='lat' dir='ltr'>cotrqrminut</span> <span class='ocrx_word' id='word_1_83' title='bbox 730 1376 819 1425; x_wconf 85' lang='lat' dir='ltr'>uulnus.</span> <span class='ocrx_word' id='word_1_84' title='bbox 830 1401 840 1420; x_wconf 77' lang='lat' dir='ltr'>n</span> <span class='ocrx_word' id='word_1_85' title='bbox 852 1381 859 1438; x_wconf 83' lang='lat'><strong>(</strong></span> <span class='ocrx_word' id='word_1_86' title='bbox 869 1381 895 1423; x_wconf 92' lang='lat' dir='ltr'>ln</span> <span class='ocrx_word' id='word_1_87' title='bbox 903 1377 1010 1423; x_wconf 88' lang='lat' dir='ltr'>Mediceo</span> <span class='ocrx_word' id='word_1_88' title='bbox 1019 1385 1105 1425; x_wconf 69' lang='lat' dir='ltr'>tamen,</span> 
     </span>
     <span class='ocr_line' id='line_1_12' title="bbox 54 1441 1105 1514; baseline -0.01 -18"><span class='ocrx_word' id='word_1_89' title='bbox 54 1467 128 1514; x_wconf 90' lang='lat' dir='ltr'>quem</span> <span class='ocrx_word' id='word_1_90' title='bbox 139 1451 266 1510; x_wconf 82' lang='lat' dir='ltr'>Fogginius</span> <span class='ocrx_word' id='word_1_91' title='bbox 276 1464 384 1495; x_wconf 83' lang='lat' dir='ltr'>excusum</span> <span class='ocrx_word' id='word_1_92' title='bbox 394 1448 472 1506; x_wconf 82' lang='lat' dir='ltr'>dedit,</span> <span class='ocrx_word' id='word_1_93' title='bbox 483 1451 615 1496; x_wconf 84' lang='lat' dir='ltr'>emendatio</span> <span class='ocrx_word' id='word_1_94' title='bbox 625 1450 663 1495; x_wconf 93' lang='lat' dir='ltr'>illa</span> <span class='ocrx_word' id='word_1_95' title='bbox 672 1465 719 1496; x_wconf 89' lang='lat' dir='ltr'>non</span> <span class='ocrx_word' id='word_1_96' title='bbox 729 1449 850 1496; x_wconf 88' lang='lat' dir='ltr'>subnotata</span> <span class='ocrx_word' id='word_1_97' title='bbox 859 1449 909 1506; x_wconf 85' lang='lat' dir='ltr'>est)</span> <span class='ocrx_word' id='word_1_98' title='bbox 924 1467 933 1486; x_wconf 79' lang='grc' dir='ltr'>ι</span> <span class='ocrx_word' id='word_1_99' title='bbox 943 1443 1046 1490; x_wconf 86' lang='lat' dir='ltr'>AEmilius</span> <span class='ocrx_word' id='word_1_100' title='bbox 1056 1445 1063 1500; x_wconf 81' lang='lat'><strong>(</strong></span> <span class='ocrx_word' id='word_1_101' title='bbox 1073 1441 1105 1485; x_wconf 88' lang='lat' dir='ltr'>sic</span> 
     </span>
     <span class='ocr_line' id='line_1_13' title="bbox 54 1515 1106 1586; baseline -0.012 -18"><span class='ocrx_word' id='word_1_102' title='bbox 54 1525 136 1585; x_wconf 88' lang='lat' dir='ltr'>pergit</span> <span class='ocrx_word' id='word_1_103' title='bbox 150 1520 208 1567; x_wconf 86' lang='lat' dir='ltr'>ille:</span> <span class='ocrx_word' id='word_1_104' title='bbox 223 1526 264 1583; x_wconf 88' lang='lat' dir='ltr'>qui</span> <span class='ocrx_word' id='word_1_105' title='bbox 278 1521 383 1566; x_wconf 83' lang='lat' dir='ltr'>AEmib&#39;us</span> <span class='ocrx_word' id='word_1_106' title='bbox 394 1525 435 1585; x_wconf 90' lang='lat' dir='ltr'>qui</span> <span class='ocrx_word' id='word_1_107' title='bbox 446 1525 487 1579; x_wconf 88' lang='lat' dir='ltr'>sit,</span> <span class='ocrx_word' id='word_1_108' title='bbox 501 1524 610 1586; x_wconf 83' lang='lat' dir='ltr'>equidem</span> <span class='ocrx_word' id='word_1_109' title='bbox 622 1523 698 1569; x_wconf 81' lang='lat' dir='ltr'>adhuc</span> <span class='ocrx_word' id='word_1_110' title='bbox 711 1522 808 1586; x_wconf 68' lang='lat' dir='ltr'>ignoro)</span> <span class='ocrx_word' id='word_1_111' title='bbox 822 1521 893 1583; x_wconf 88' lang='lat' dir='ltr'>legit:</span> <span class='ocrx_word' id='word_1_112' title='bbox 904 1517 1001 1564; x_wconf 80' lang='lat' dir='ltr'>validam</span> <span class='ocrx_word' id='word_1_113' title='bbox 1010 1515 1106 1560; x_wconf 85' lang='lat' dir='ltr'>securim</span> 
     </span>
     <span class='ocr_line' id='line_1_14' title="bbox 55 1589 1104 1658; baseline -0.01 -20"><span class='ocrx_word' id='word_1_114' title='bbox 55 1593 255 1655; x_wconf 69' lang='lat' dir='ltr'>conqeminn13sic</span> <span class='ocrx_word' id='word_1_115' title='bbox 268 1603 301 1636; x_wconf 85' lang='lat' dir='ltr'>est</span> <span class='ocrx_word' id='word_1_116' title='bbox 312 1592 501 1654; x_wconf 90' lang='lat' dir='ltr'>distinguendum</span> <span class='ocrx_word' id='word_1_117' title='bbox 516 1595 540 1638; x_wconf 91' lang='lat' dir='ltr'>in</span> <span class='ocrx_word' id='word_1_118' title='bbox 554 1597 709 1658; x_wconf 76' lang='lat' dir='ltr'>conqeminot:</span> <span class='ocrx_word' id='word_1_119' title='bbox 720 1606 747 1639; x_wconf 91' lang='lat' dir='ltr'>ut</span> <span class='ocrx_word' id='word_1_120' title='bbox 758 1605 838 1655; x_wconf 88' lang='lat' dir='ltr'>postea</span> <span class='ocrx_word' id='word_1_121' title='bbox 847 1595 876 1637; x_wconf 88' lang='lat' dir='ltr'>sit</span> <span class='ocrx_word' id='word_1_122' title='bbox 887 1608 892 1636; x_wconf 89' lang='lat'>:</span> <span class='ocrx_word' id='word_1_123' title='bbox 904 1589 986 1634; x_wconf 86' lang='lat' dir='ltr'>vulnus</span> <span class='ocrx_word' id='word_1_124' title='bbox 997 1603 1017 1631; x_wconf 86' lang='lat' dir='ltr'>r.</span> <span class='ocrx_word' id='word_1_125' title='bbox 1029 1602 1050 1630; x_wconf 91' lang='lat' dir='ltr'>o.</span> <span class='ocrx_word' id='word_1_126' title='bbox 1062 1599 1082 1628; x_wconf 86' lang='lat' dir='ltr'>c.</span> <span class='ocrx_word' id='word_1_127' title='bbox 1093 1603 1104 1622; x_wconf 69' lang='lat' dir='ltr'>n</span> 
     </span>
     <span class='ocr_line' id='line_1_15' title="bbox 53 1661 1106 1728; baseline -0.009 -19"><span class='ocrx_word' id='word_1_128' title='bbox 53 1663 186 1727; x_wconf 81' lang='lat' dir='ltr'>Equidem,</span> <span class='ocrx_word' id='word_1_129' title='bbox 198 1665 216 1709; x_wconf 90' lang='lat' dir='ltr'>si</span> <span class='ocrx_word' id='word_1_130' title='bbox 229 1662 293 1709; x_wconf 86' lang='lat' dir='ltr'>illam</span> <span class='ocrx_word' id='word_1_131' title='bbox 306 1663 429 1710; x_wconf 88' lang='lat' dir='ltr'>lectionem</span> <span class='ocrx_word' id='word_1_132' title='bbox 441 1665 586 1726; x_wconf 84' lang='lat' dir='ltr'>probandam</span> <span class='ocrx_word' id='word_1_133' title='bbox 598 1668 751 1728; x_wconf 87' lang='lat' dir='ltr'>susciperem,</span> <span class='ocrx_word' id='word_1_134' title='bbox 760 1667 897 1728; x_wconf 89' lang='lat' dir='ltr'>jungerem:</span> <span class='ocrx_word' id='word_1_135' title='bbox 909 1661 1106 1720; x_wconf 66' lang='lat' dir='ltr'>securi‘insurqrns</span> 
     </span>
     <span class='ocr_line' id='line_1_16' title="bbox 55 1727 1105 1798; baseline -0.008 -18"><span class='ocrx_word' id='word_1_136' title='bbox 55 1737 200 1798; x_wconf 60' lang='lat' dir='ltr'>conthmt&#39;nut</span> <span class='ocrx_word' id='word_1_137' title='bbox 212 1749 244 1778; x_wconf 89' lang='lat' dir='ltr'>sc.</span> <span class='ocrx_word' id='word_1_138' title='bbox 262 1735 345 1788; x_wconf 88' lang='lat' dir='ltr'>ictum,</span> <span class='ocrx_word' id='word_1_139' title='bbox 362 1731 461 1780; x_wconf 86' lang='lat' dir='ltr'>vulnus:</span> <span class='ocrx_word' id='word_1_140' title='bbox 479 1733 543 1796; x_wconf 91' lang='lat' dir='ltr'>quod</span> <span class='ocrx_word' id='word_1_141' title='bbox 560 1747 583 1780; x_wconf 90' lang='lat' dir='ltr'>et</span> <span class='ocrx_word' id='word_1_142' title='bbox 596 1751 638 1797; x_wconf 87' lang='lat' dir='ltr'>per</span> <span class='ocrx_word' id='word_1_143' title='bbox 650 1751 673 1781; x_wconf 91' lang='lat' dir='ltr'>se</span> <span class='ocrx_word' id='word_1_144' title='bbox 686 1734 836 1797; x_wconf 74' lang='lat' dir='ltr'>intelligitur,</span> <span class='ocrx_word' id='word_1_145' title='bbox 853 1745 876 1779; x_wconf 91' lang='lat' dir='ltr'>et</span> <span class='ocrx_word' id='word_1_146' title='bbox 892 1734 967 1778; x_wconf 88' lang='lat' dir='ltr'>statim</span> <span class='ocrx_word' id='word_1_147' title='bbox 984 1727 1105 1789; x_wconf 84' lang='lat' dir='ltr'>repetitur·</span> 
     </span>
     <span class='ocr_line' id='line_1_17' title="bbox 54 1795 1105 1867; baseline -0.007 -18"><span class='ocrx_word' id='word_1_148' title='bbox 54 1819 143 1867; x_wconf 81' lang='lat' dir='ltr'>perque</span> <span class='ocrx_word' id='word_1_149' title='bbox 153 1819 194 1848; x_wconf 85' lang='lat' dir='ltr'>ora</span> <span class='ocrx_word' id='word_1_150' title='bbox 203 1805 247 1847; x_wconf 83' lang='lat' dir='ltr'>viri</span> <span class='ocrx_word' id='word_1_151' title='bbox 254 1819 289 1864; x_wconf 92' lang='lat' dir='ltr'>pr.</span> <span class='ocrx_word' id='word_1_152' title='bbox 301 1803 385 1848; x_wconf 87' lang='lat' dir='ltr'>Moret.</span> <span class='ocrx_word' id='word_1_153' title='bbox 398 1818 498 1850; x_wconf 82' lang='lat' dir='ltr'>securem</span> <span class='ocrx_word' id='word_1_154' title='bbox 509 1804 583 1859; x_wconf 82' lang='lat' dir='ltr'>Gud,</span> <span class='ocrx_word' id='word_1_155' title='bbox 596 1818 622 1850; x_wconf 87' lang='lat' dir='ltr'>ut</span> <span class='ocrx_word' id='word_1_156' title='bbox 633 1821 684 1867; x_wconf 84' lang='lat' dir='ltr'>sup.</span> <span class='ocrx_word' id='word_1_157' title='bbox 699 1822 721 1851; x_wconf 82' lang='lat' dir='ltr'>v.</span> <span class='ocrx_word' id='word_1_158' title='bbox 734 1806 787 1851; x_wconf 86' lang='grc'><strong>656.</strong></span> <span class='ocrx_word' id='word_1_159' title='bbox 800 1829 831 1841; x_wconf 90' lang='lat'>-·</span> <span class='ocrx_word' id='word_1_160' title='bbox 842 1804 895 1864; x_wconf 86' lang='lat'>697.</span> <span class='ocrx_word' id='word_1_161' title='bbox 907 1812 1028 1862; x_wconf 69' lang='lat' dir='ltr'>exsurgens</span> <span class='ocrx_word' id='word_1_162' title='bbox 1039 1795 1105 1838; x_wconf 85' lang='lat' dir='ltr'>Rom·</span> 
     </span>
     <span class='ocr_line' id='line_1_18' title="bbox 56 1867 1106 1938; baseline -0.014 -18"><span class='ocrx_word' id='word_1_163' title='bbox 56 1886 79 1920; x_wconf 90' lang='lat' dir='ltr'>et</span> <span class='ocrx_word' id='word_1_164' title='bbox 90 1873 131 1920; x_wconf 91' lang='lat' dir='ltr'>alii</span> <span class='ocrx_word' id='word_1_165' title='bbox 142 1875 205 1919; x_wconf 88' lang='lat' dir='ltr'>Pier.</span> <span class='ocrx_word' id='word_1_166' title='bbox 216 1873 302 1918; x_wconf 90' lang='lat' dir='ltr'>Medic.</span> <span class='ocrx_word' id='word_1_167' title='bbox 316 1885 339 1918; x_wconf 84' lang='lat' dir='ltr'>et</span> <span class='ocrx_word' id='word_1_168' title='bbox 349 1873 388 1918; x_wconf 88' lang='lat' dir='ltr'>alii</span> <span class='ocrx_word' id='word_1_169' title='bbox 398 1873 487 1920; x_wconf 84' lang='lat' dir='ltr'>Heinsii</span> <span class='ocrx_word' id='word_1_170' title='bbox 497 1877 613 1936; x_wconf 89' lang='lat' dir='ltr'>potiores:</span> <span class='ocrx_word' id='word_1_171' title='bbox 624 1877 703 1938; x_wconf 89' lang='lat' dir='ltr'>itaque</span> <span class='ocrx_word' id='word_1_172' title='bbox 712 1876 802 1936; x_wconf 84' lang='lat' dir='ltr'>recepit</span> <span class='ocrx_word' id='word_1_173' title='bbox 811 1872 851 1918; x_wconf 93' lang='lat' dir='ltr'>ille</span> <span class='ocrx_word' id='word_1_174' title='bbox 861 1889 904 1934; x_wconf 89' lang='lat' dir='ltr'>pro</span> <span class='ocrx_word' id='word_1_175' title='bbox 913 1869 1020 1930; x_wconf 83' lang='lat' dir='ltr'>vulgato:</span> <span class='ocrx_word' id='word_1_176' title='bbox 1031 1867 1106 1908; x_wconf 82' lang='lat' dir='ltr'>iruur-</span> 
     </span>
     <span class='ocr_line' id='line_1_19' title="bbox 54 1935 1172 2010; baseline -0.009 -20"><span class='ocrx_word' id='word_1_177' title='bbox 54 1962 125 2010; x_wconf 70' lang='lat' dir='ltr'>gem,</span> <span class='ocrx_word' id='word_1_178' title='bbox 136 1940 206 2008; x_wconf 86' lang='lat' dir='ltr'>quod</span> <span class='ocrx_word' id='word_1_179' title='bbox 215 1955 238 1990; x_wconf 91' lang='lat' dir='ltr'>et</span> <span class='ocrx_word' id='word_1_180' title='bbox 248 1945 323 2004; x_wconf 90' lang='lat' dir='ltr'>ipsum</span> <span class='ocrx_word' id='word_1_181' title='bbox 336 1945 432 1989; x_wconf 87' lang='lat' dir='ltr'>bonum.</span> <span class='ocrx_word' id='word_1_182' title='bbox 446 1945 573 2000; x_wconf 66' lang='lat' dir='ltr'>conexu,</span> <span class='ocrx_word' id='word_1_183' title='bbox 586 1961 639 2005; x_wconf 84' lang='lat'>9⁰²·</span> <span class='ocrx_word' id='word_1_184' title='bbox 653 1946 699 1990; x_wconf 89' lang='lat' dir='ltr'>Sed</span> <span class='ocrx_word' id='word_1_185' title='bbox 710 1947 845 1991; x_wconf 84' lang='lat' dir='ltr'>varietatem</span> <span class='ocrx_word' id='word_1_186' title='bbox 856 1943 916 1986; x_wconf 89' lang='lat' dir='ltr'>hanc</span> <span class='ocrx_word' id='word_1_187' title='bbox 925 1943 973 2002; x_wconf 84' lang='lat' dir='ltr'>jam</span> <span class='ocrx_word' id='word_1_188' title='bbox 984 1935 1107 1996; x_wconf 71' lang='lat' dir='ltr'>aliquoties</span> <span class='ocrx_word' id='word_1_189' title='bbox 1170 1975 1172 1980; x_wconf 93' lang='lat'>.</span> 
     </span>
     <span class='ocr_line' id='line_1_20' title="bbox 55 2007 1106 2081; baseline -0.015 -19"><span class='ocrx_word' id='word_1_190' title='bbox 55 2017 169 2062; x_wconf 84' lang='lat' dir='ltr'>vidimus.</span> <span class='ocrx_word' id='word_1_191' title='bbox 181 2041 214 2050; x_wconf 93' lang='lat'>—</span> <span class='ocrx_word' id='word_1_192' title='bbox 225 2013 277 2076; x_wconf 85' lang='lat'>698.</span> <span class='ocrx_word' id='word_1_193' title='bbox 294 2017 436 2081; x_wconf 77' lang='lat' dir='ltr'>Couqemt&#39;nnt</span> <span class='ocrx_word' id='word_1_194' title='bbox 444 2013 544 2060; x_wconf 79' lang='lat' dir='ltr'>vulnus:</span> <span class='ocrx_word' id='word_1_195' title='bbox 557 2013 630 2061; x_wconf 84' lang='lat' dir='ltr'>calido</span> <span class='ocrx_word' id='word_1_196' title='bbox 642 2014 798 2076; x_wconf 73' lang='lat' dir='ltr'>distinguebat</span> <span class='ocrx_word' id='word_1_197' title='bbox 806 2013 903 2058; x_wconf 86' lang='lat' dir='ltr'>Oudart.</span> <span class='ocrx_word' id='word_1_198' title='bbox 916 2008 1019 2056; x_wconf 88' lang='lat' dir='ltr'>Similem</span> <span class='ocrx_word' id='word_1_199' title='bbox 1031 2007 1106 2050; x_wconf 88' lang='lat' dir='ltr'>inter-</span> 
     </span>
     <span class='ocr_line' id='line_1_21' title="bbox 55 2076 1107 2150; baseline -0.013 -18"><span class='ocrx_word' id='word_1_200' title='bbox 55 2089 213 2150; x_wconf 89' lang='lat' dir='ltr'>punctionem</span> <span class='ocrx_word' id='word_1_201' title='bbox 230 2098 348 2148; x_wconf 76' lang='lat' dir='ltr'>repererat</span> <span class='ocrx_word' id='word_1_202' title='bbox 364 2088 464 2132; x_wconf 88' lang='lat' dir='ltr'>Servius.</span> <span class='ocrx_word' id='word_1_203' title='bbox 479 2086 598 2132; x_wconf 88' lang='lat' dir='ltr'>mutilatus</span> <span class='ocrx_word' id='word_1_204' title='bbox 610 2086 735 2131; x_wconf 89' lang='lat' dir='ltr'>admodum</span> <span class='ocrx_word' id='word_1_205' title='bbox 748 2087 816 2131; x_wconf 89' lang='lat' dir='ltr'>etiam</span> <span class='ocrx_word' id='word_1_206' title='bbox 830 2083 860 2130; x_wconf 87' lang='lat' dir='ltr'>ad</span> <span class='ocrx_word' id='word_1_207' title='bbox 873 2083 897 2128; x_wconf 90' lang='lat' dir='ltr'>h.</span> <span class='ocrx_word' id='word_1_208' title='bbox 909 2082 926 2127; x_wconf 91' lang='lat' dir='ltr'>l.</span> <span class='ocrx_word' id='word_1_209' title='bbox 942 2081 1008 2126; x_wconf 86' lang='lat' dir='ltr'>etsie</span> <span class='ocrx_word' id='word_1_210' title='bbox 1020 2076 1107 2136; x_wconf 86' lang='lat' dir='ltr'>legerat</span> 
     </span>
     <span class='ocr_line' id='line_1_22' title="bbox 57 2146 1107 2219; baseline -0.008 -16"><span class='ocrx_word' id='word_1_211' title='bbox 57 2169 142 2203; x_wconf 83' lang='lat' dir='ltr'>auctor</span> <span class='ocrx_word' id='word_1_212' title='bbox 157 2159 274 2219; x_wconf 88' lang='lat' dir='ltr'>Epitomes</span> <span class='ocrx_word' id='word_1_213' title='bbox 289 2157 375 2202; x_wconf 89' lang='lat' dir='ltr'>Iliados</span> <span class='ocrx_word' id='word_1_214' title='bbox 389 2155 474 2218; x_wconf 86' lang='lat' dir='ltr'>(vulgo</span> <span class='ocrx_word' id='word_1_215' title='bbox 490 2157 585 2202; x_wconf 85' lang='lat' dir='ltr'>Pindari</span> <span class='ocrx_word' id='word_1_216' title='bbox 598 2155 704 2202; x_wconf 77' lang='lat' dir='ltr'>&#39;thebani</span> <span class='ocrx_word' id='word_1_217' title='bbox 718 2157 812 2200; x_wconf 88' lang='lat' dir='ltr'>nomine</span> <span class='ocrx_word' id='word_1_218' title='bbox 826 2153 910 2212; x_wconf 85' lang='lat' dir='ltr'>notus)</span> <span class='ocrx_word' id='word_1_219' title='bbox 923 2149 975 2196; x_wconf 85' lang='grc'><strong>366.</strong></span> <span class='ocrx_word' id='word_1_220' title='bbox 990 2147 1036 2192; x_wconf 78' lang='lat' dir='ltr'>Ora</span> <span class='ocrx_word' id='word_1_221' title='bbox 1050 2146 1107 2206; x_wconf 68' lang='lat' dir='ltr'>rlqssl</span> 
     </span>
     <span class='ocr_line' id='line_1_23' title="bbox 56 2219 1106 2289; baseline -0.011 -16"><span class='ocrx_word' id='word_1_222' title='bbox 56 2231 170 2282; x_wconf 74' lang='lat' dir='ltr'>mortens,</span> <span class='ocrx_word' id='word_1_223' title='bbox 180 2243 212 2272; x_wconf 88' lang='lat' dir='ltr'>se.</span> <span class='ocrx_word' id='word_1_224' title='bbox 225 2230 345 2289; x_wconf 87' lang='lat' dir='ltr'>sanguine.</span> <span class='ocrx_word' id='word_1_225' title='bbox 358 2241 396 2272; x_wconf 88' lang='lat' dir='ltr'>ore</span> <span class='ocrx_word' id='word_1_226' title='bbox 408 2226 467 2272; x_wconf 84' lang='lat' dir='ltr'>alter</span> <span class='ocrx_word' id='word_1_227' title='bbox 477 2227 570 2288; x_wconf 83' lang='lat' dir='ltr'>Menag.</span> <span class='ocrx_word' id='word_1_228' title='bbox 583 2242 634 2273; x_wconf 84' lang='lat' dir='ltr'>ossa</span> <span class='ocrx_word' id='word_1_229' title='bbox 645 2225 703 2274; x_wconf 88' lang='lat' dir='ltr'>alter</span> <span class='ocrx_word' id='word_1_230' title='bbox 714 2225 796 2270; x_wconf 87' lang='lat' dir='ltr'>llamb.</span> <span class='ocrx_word' id='word_1_231' title='bbox 806 2240 869 2270; x_wconf 80' lang='lat' dir='ltr'>artua</span> <span class='ocrx_word' id='word_1_232' title='bbox 880 2221 922 2268; x_wconf 87' lang='lat' dir='ltr'>Ed.</span> <span class='ocrx_word' id='word_1_233' title='bbox 934 2237 970 2284; x_wconf 90' lang='lat' dir='ltr'>pr.</span> <span class='ocrx_word' id='word_1_234' title='bbox 981 2219 1106 2262; x_wconf 77' lang='lat' dir='ltr'>Burmann·</span> 
     </span>
     <span class='ocr_line' id='line_1_24' title="bbox 56 2280 1106 2361; baseline -0.006 -16"><span class='ocrx_word' id='word_1_235' title='bbox 56 2315 141 2346; x_wconf 86' lang='lat' dir='ltr'>cruore</span> <span class='ocrx_word' id='word_1_236' title='bbox 150 2299 211 2344; x_wconf 89' lang='lat' dir='ltr'>Ven.</span> <span class='ocrx_word' id='word_1_237' title='bbox 229 2325 261 2334; x_wconf 92' lang='lat'>-</span> <span class='ocrx_word' id='word_1_238' title='bbox 276 2299 330 2360; x_wconf 84' lang='lat'>699.</span> <span class='ocrx_word' id='word_1_239' title='bbox 348 2297 390 2343; x_wconf 83' lang='lat' dir='ltr'>huc</span> <span class='ocrx_word' id='word_1_240' title='bbox 405 2299 478 2360; x_wconf 89' lang='lat' dir='ltr'>Bigot.</span> <span class='ocrx_word' id='word_1_241' title='bbox 494 2306 598 2361; x_wconf 77' lang='lat' dir='ltr'>aspectus</span> <span class='ocrx_word' id='word_1_242' title='bbox 612 2298 649 2345; x_wconf 90' lang='lat' dir='ltr'>ed.</span> <span class='ocrx_word' id='word_1_243' title='bbox 664 2301 693 2342; x_wconf 90' lang='lat' dir='ltr'>D.</span> <span class='ocrx_word' id='word_1_244' title='bbox 709 2298 788 2346; x_wconf 87' lang='lat' dir='ltr'>Heius.</span> <span class='ocrx_word' id='word_1_245' title='bbox 806 2321 838 2330; x_wconf 96' lang='lat'><em>-</em></span> <span class='ocrx_word' id='word_1_246' title='bbox 857 2311 909 2356; x_wconf 81' lang='lat'><strong>70⁰·</strong></span> <span class='ocrx_word' id='word_1_247' title='bbox 923 2280 1106 2354; x_wconf 67' lang='lat' dir='ltr'>Appennim&#39;ffllae</span> 
     </span>
     <span class='ocr_line' id='line_1_25' title="bbox 57 2359 1106 2426; baseline -0.008 -10"><span class='ocrx_word' id='word_1_248' title='bbox 57 2369 212 2416; x_wconf 79' lang='lat' dir='ltr'>scribendum</span> <span class='ocrx_word' id='word_1_249' title='bbox 227 2385 277 2416; x_wconf 86' lang='lat' dir='ltr'>esse</span> <span class='ocrx_word' id='word_1_250' title='bbox 289 2370 349 2415; x_wconf 91' lang='lat' dir='ltr'>bene</span> <span class='ocrx_word' id='word_1_251' title='bbox 364 2371 455 2414; x_wconf 90' lang='lat' dir='ltr'>monuit</span> <span class='ocrx_word' id='word_1_252' title='bbox 466 2370 579 2426; x_wconf 71' lang='lat' dir='ltr'>brunck,</span> <span class='ocrx_word' id='word_1_253' title='bbox 591 2369 672 2415; x_wconf 88' lang='lat' dir='ltr'>saltem</span> <span class='ocrx_word' id='word_1_254' title='bbox 685 2385 712 2416; x_wconf 80' lang='lat' dir='ltr'>ex</span> <span class='ocrx_word' id='word_1_255' title='bbox 724 2369 881 2414; x_wconf 87' lang='lat' dir='ltr'>communiore</span> <span class='ocrx_word' id='word_1_256' title='bbox 892 2381 947 2421; x_wconf 92' lang='lat' dir='ltr'>usu,</span> <span class='ocrx_word' id='word_1_257' title='bbox 959 2359 1106 2424; x_wconf 74' lang='lat' dir='ltr'>Appenninus</span> 
     </span>
     <span class='ocr_line' id='line_1_26' title="bbox 57 2437 1106 2505; baseline -0.001 -18"><span class='ocrx_word' id='word_1_258' title='bbox 57 2459 104 2505; x_wconf 88' lang='lat' dir='ltr'>pro</span> <span class='ocrx_word' id='word_1_259' title='bbox 119 2441 262 2504; x_wconf 79' lang='lat' dir='ltr'>Apenninus.</span> <span class='ocrx_word' id='word_1_260' title='bbox 284 2441 320 2485; x_wconf 86' lang='lat' dir='ltr'>An</span> <span class='ocrx_word' id='word_1_261' title='bbox 331 2443 405 2503; x_wconf 87' lang='lat' dir='ltr'>prima</span> <span class='ocrx_word' id='word_1_262' title='bbox 420 2443 444 2485; x_wconf 93' lang='lat' dir='ltr'>in</span> <span class='ocrx_word' id='word_1_263' title='bbox 457 2439 507 2486; x_wconf 92' lang='lat' dir='ltr'>ullo</span> <span class='ocrx_word' id='word_1_264' title='bbox 518 2443 602 2488; x_wconf 81' lang='lat' dir='ltr'>Latino</span> <span class='ocrx_word' id='word_1_265' title='bbox 613 2453 682 2505; x_wconf 87' lang='lat' dir='ltr'>poeta</span> <span class='ocrx_word' id='word_1_266' title='bbox 697 2453 803 2503; x_wconf 85' lang='lat' dir='ltr'>correpta</span> <span class='ocrx_word' id='word_1_267' title='bbox 815 2449 933 2493; x_wconf 87' lang='lat' dir='ltr'>occurrat,</span> <span class='ocrx_word' id='word_1_268' title='bbox 950 2437 1045 2498; x_wconf 84' lang='lat' dir='ltr'>ignoro,</span> <span class='ocrx_word' id='word_1_269' title='bbox 1062 2441 1106 2472; x_wconf 68' lang='lat'>¹¹²⁰</span> 
     </span>
     <span class='ocr_line' id='line_1_27' title="bbox 57 2501 1109 2578; baseline -0.012 -17"><span class='ocrx_word' id='word_1_270' title='bbox 57 2526 128 2561; x_wconf 82' lang='lat' dir='ltr'>vacat</span> <span class='ocrx_word' id='word_1_271' title='bbox 144 2530 257 2576; x_wconf 72' lang='lat' dir='ltr'>quaerere.</span> <span class='ocrx_word' id='word_1_272' title='bbox 275 2515 303 2558; x_wconf 89' lang='lat' dir='ltr'>At</span> <span class='ocrx_word' id='word_1_273' title='bbox 319 2515 413 2578; x_wconf 86' lang='lat' dir='ltr'>Dionys.</span> <span class='ocrx_word' id='word_1_274' title='bbox 431 2515 520 2576; x_wconf 90' lang='lat' dir='ltr'>Perieg.</span> <span class='ocrx_word' id='word_1_275' title='bbox 541 2513 585 2570; x_wconf 66' lang='lat'>343</span> <span class='ocrx_word' id='word_1_276' title='bbox 601 2512 682 2576; x_wconf 68' lang='lat' dir='ltr'>ipae...</span> <span class='ocrx_word' id='word_1_277' title='bbox 699 2508 762 2577; x_wconf 72' lang='grc' dir='ltr'>Ορῥῖι</span> <span class='ocrx_word' id='word_1_278' title='bbox 775 2529 801 2560; x_wconf 71' lang='lat' dir='ltr'>‘rt</span> <span class='ocrx_word' id='word_1_279' title='bbox 813 2505 969 2558; x_wconf 64' lang='lat' dir='ltr'>autumem</span> <span class='ocrx_word' id='word_1_280' title='bbox 981 2501 1109 2550; x_wconf 62' lang='lat' dir='ltr'>&#39;Auitttttv</span> 
     </span>
     <span class='ocr_line' id='line_1_28' title="bbox 58 2569 1106 2632; baseline -0.012 -3"><span class='ocrx_word' id='word_1_281' title='bbox 58 2585 125 2629; x_wconf 84' lang='lat' dir='ltr'>Enni</span> <span class='ocrx_word' id='word_1_282' title='bbox 133 2583 204 2628; x_wconf 87' lang='lat' dir='ltr'>Goth.</span> <span class='ocrx_word' id='word_1_283' title='bbox 215 2594 268 2628; x_wconf 89' lang='lat' dir='ltr'>tert.</span> <span class='ocrx_word' id='word_1_284' title='bbox 279 2583 343 2627; x_wconf 82' lang='lat' dir='ltr'>Anni</span> <span class='ocrx_word' id='word_1_285' title='bbox 349 2584 408 2629; x_wconf 89' lang='lat' dir='ltr'>Ven.</span> <span class='ocrx_word' id='word_1_286' title='bbox 419 2596 442 2630; x_wconf 91' lang='lat' dir='ltr'>et</span> <span class='ocrx_word' id='word_1_287' title='bbox 451 2585 532 2630; x_wconf 85' lang='lat' dir='ltr'>Frane.</span> <span class='ocrx_word' id='word_1_288' title='bbox 543 2585 686 2632; x_wconf 85' lang='lat' dir='ltr'>Burmannus</span> <span class='ocrx_word' id='word_1_289' title='bbox 697 2583 758 2630; x_wconf 89' lang='lat' dir='ltr'>bene</span> <span class='ocrx_word' id='word_1_290' title='bbox 771 2584 867 2629; x_wconf 87' lang='lat' dir='ltr'>remittit</span> <span class='ocrx_word' id='word_1_291' title='bbox 878 2595 920 2626; x_wconf 89' lang='lat' dir='ltr'>nos</span> <span class='ocrx_word' id='word_1_292' title='bbox 930 2577 961 2624; x_wconf 88' lang='lat' dir='ltr'>ad</span> <span class='ocrx_word' id='word_1_293' title='bbox 972 2573 1054 2620; x_wconf 89' lang='lat' dir='ltr'>Silium</span> <span class='ocrx_word' id='word_1_294' title='bbox 1062 2569 1106 2623; x_wconf 82' lang='lat' dir='ltr'>Vl,</span> 
     </span>
     <span class='ocr_line' id='line_1_29' title="bbox 62 2640 1107 2716; baseline -0.015 -15"><span class='ocrx_word' id='word_1_295' title='bbox 62 2671 120 2716; x_wconf 89' lang='lat'>109,</span> <span class='ocrx_word' id='word_1_296' title='bbox 134 2653 191 2700; x_wconf 86' lang='lat' dir='ltr'>ubi:</span> <span class='ocrx_word' id='word_1_297' title='bbox 208 2653 273 2700; x_wconf 81' lang='lat' dir='ltr'>tellus</span> <span class='ocrx_word' id='word_1_298' title='bbox 285 2652 427 2700; x_wconf 57' lang='lat' dir='ltr'>&amp;ammobilia</span> <span class='ocrx_word' id='word_1_299' title='bbox 436 2655 501 2700; x_wconf 82' lang='lat' dir='ltr'>Auni</span> <span class='ocrx_word' id='word_1_300' title='bbox 511 2671 539 2701; x_wconf 82' lang='lat' dir='ltr'>ex</span> <span class='ocrx_word' id='word_1_301' title='bbox 550 2652 574 2699; x_wconf 87' lang='lat' dir='ltr'>b.</span> <span class='ocrx_word' id='word_1_302' title='bbox 586 2654 604 2700; x_wconf 90' lang='lat' dir='ltr'>l.</span> <span class='ocrx_word' id='word_1_303' title='bbox 617 2668 640 2702; x_wconf 89' lang='lat' dir='ltr'>et</span> <span class='ocrx_word' id='word_1_304' title='bbox 652 2655 733 2702; x_wconf 82' lang='lat' dir='ltr'>similis</span> <span class='ocrx_word' id='word_1_305' title='bbox 744 2657 849 2702; x_wconf 80' lang='lat' dir='ltr'>varietas.</span> <span class='ocrx_word' id='word_1_306' title='bbox 862 2654 974 2697; x_wconf 83' lang='lat' dir='ltr'>Provocat</span> <span class='ocrx_word' id='word_1_307' title='bbox 984 2645 1014 2690; x_wconf 87' lang='lat' dir='ltr'>ad</span> <span class='ocrx_word' id='word_1_308' title='bbox 1025 2640 1107 2688; x_wconf 87' lang='lat' dir='ltr'>Silium</span> 
     </span>
    </p>
   </div>
   <div class='ocr_carea' id='block_1_4' title="bbox 57 2800 1171 4075">
    <p class='ocr_par' dir='ltr' id='par_1_6' title="bbox 57 2800 1171 4075">
     <span class='ocr_line' id='line_1_30' title="bbox 59 2800 1104 2889; baseline -0.017 -27"><span class='ocrx_word' id='word_1_309' title='bbox 59 2831 144 2876; x_wconf 89' lang='lat' dir='ltr'>men,</span> <span class='ocrx_word' id='word_1_310' title='bbox 167 2822 199 2862; x_wconf 87' lang='lat' dir='ltr'>ut</span> <span class='ocrx_word' id='word_1_311' title='bbox 221 2811 248 2862; x_wconf 91' lang='lat' dir='ltr'>in</span> <span class='ocrx_word' id='word_1_312' title='bbox 274 2810 365 2864; x_wconf 88' lang='lat' dir='ltr'>orbem</span> <span class='ocrx_word' id='word_1_313' title='bbox 389 2831 487 2884; x_wconf 88' lang='lat' dir='ltr'>equum</span> <span class='ocrx_word' id='word_1_314' title='bbox 510 2813 562 2864; x_wconf 87' lang='lat' dir='ltr'>cir-</span> <span class='ocrx_word' id='word_1_315' title='bbox 606 2811 701 2880; x_wconf 81' lang='lat'>-698</span> <span class='ocrx_word' id='word_1_316' title='bbox 712 2811 846 2862; x_wconf 82' lang='lat' dir='ltr'>diversum</span> <span class='ocrx_word' id='word_1_317' title='bbox 856 2819 909 2871; x_wconf 90' lang='lat' dir='ltr'>est,</span> <span class='ocrx_word' id='word_1_318' title='bbox 920 2800 1104 2889; x_wconf 71' lang='lat' dir='ltr'>Homericum:</span> 
     </span>
     <span class='ocr_line' id='line_1_31' title="bbox 60 2884 1105 2966; baseline -0.015 -24"><span class='ocrx_word' id='word_1_319' title='bbox 60 2889 232 2954; x_wconf 85' lang='lat' dir='ltr'>cumflectat,</span> <span class='ocrx_word' id='word_1_320' title='bbox 245 2893 303 2960; x_wconf 85' lang='lat' dir='ltr'>ipsa</span> <span class='ocrx_word' id='word_1_321' title='bbox 314 2891 420 2960; x_wconf 87' lang='lat' dir='ltr'>quidem</span> <span class='ocrx_word' id='word_1_322' title='bbox 432 2893 492 2962; x_wconf 74' lang='grc'><strong>694.</strong></span> <span class='ocrx_word' id='word_1_323' title='bbox 501 2891 562 2962; x_wconf 83' lang='grc'><strong>696.</strong></span> <span class='ocrx_word' id='word_1_324' title='bbox 608 2886 736 2956; x_wconf 67' lang='lat' dir='ltr'>ipuioenu</span> <span class='ocrx_word' id='word_1_325' title='bbox 753 2885 779 2939; x_wconf 64' lang='lat' dir='ltr'>di</span> <span class='ocrx_word' id='word_1_326' title='bbox 795 2888 855 2940; x_wconf 55' lang='lat' dir='ltr'>tator</span> <span class='ocrx_word' id='word_1_327' title='bbox 872 2884 937 2936; x_wconf 75' lang='lat' dir='ltr'>rinae</span> <span class='ocrx_word' id='word_1_328' title='bbox 955 2893 1105 2966; x_wconf 63' lang='lat' dir='ltr'>urrunnu·</span> 
     </span>
     <span class='ocr_line' id='line_1_32' title="bbox 57 2961 1108 3044; baseline -0.02 -21"><span class='ocrx_word' id='word_1_329' title='bbox 57 2990 129 3044; x_wconf 81' lang='lat' dir='ltr'>qyro</span> <span class='ocrx_word' id='word_1_330' title='bbox 151 2969 278 3035; x_wconf 84' lang='lat' dir='ltr'>interior,</span> <span class='ocrx_word' id='word_1_331' title='bbox 301 2971 421 3043; x_wconf 84' lang='lat' dir='ltr'>adeoque</span> <span class='ocrx_word' id='word_1_332' title='bbox 443 2971 477 3022; x_wconf 89' lang='lat' dir='ltr'>ab</span> <span class='ocrx_word' id='word_1_333' title='bbox 499 2972 564 3023; x_wconf 71' lang='lat' dir='ltr'>laeva</span> <span class='ocrx_word' id='word_1_334' title='bbox 644 2971 704 3038; x_wconf 86' lang='lat'>699.</span> <span class='ocrx_word' id='word_1_335' title='bbox 719 2987 792 3038; x_wconf 90' lang='lat' dir='ltr'>seqq.</span> <span class='ocrx_word' id='word_1_336' title='bbox 804 2965 884 3034; x_wconf 88' lang='lat' dir='ltr'>Quod</span> <span class='ocrx_word' id='word_1_337' title='bbox 896 2961 1108 3031; x_wconf 82' lang='lat' dir='ltr'>sequitnrepiso·</span> 
     </span>
     <span class='ocr_line' id='line_1_33' title="bbox 59 3031 1108 3122; baseline -0.021 -19"><span class='ocrx_word' id='word_1_338' title='bbox 59 3050 200 3104; x_wconf 85' lang='lat' dir='ltr'>Orsilochi</span> <span class='ocrx_word' id='word_1_339' title='bbox 209 3048 292 3119; x_wconf 82' lang='lat' dir='ltr'>(conf.</span> <span class='ocrx_word' id='word_1_340' title='bbox 304 3069 362 3122; x_wconf 89' lang='lat' dir='ltr'>sup.</span> <span class='ocrx_word' id='word_1_341' title='bbox 375 3053 408 3116; x_wconf 86' lang='lat' dir='ltr'>V,</span> <span class='ocrx_word' id='word_1_342' title='bbox 425 3051 499 3122; x_wconf 88' lang='lat'>170);</span> <span class='ocrx_word' id='word_1_343' title='bbox 512 3069 564 3121; x_wconf 91' lang='lat' dir='ltr'>quo</span> <span class='ocrx_word' id='word_1_344' title='bbox 611 3048 819 3111; x_wconf 83' lang='lat' dir='ltr'>diumnovitate,</span> <span class='ocrx_word' id='word_1_345' title='bbox 829 3057 855 3096; x_wconf 90' lang='lat' dir='ltr'>et</span> <span class='ocrx_word' id='word_1_346' title='bbox 864 3031 1108 3114; x_wconf 77' lang='lat' dir='ltr'>varietatepraecla-</span> 
     </span>
     <span class='ocr_line' id='line_1_34' title="bbox 60 3117 1105 3202; baseline -0.022 -19"><span class='ocrx_word' id='word_1_347' title='bbox 60 3134 138 3183; x_wconf 86' lang='lat' dir='ltr'>facto</span> <span class='ocrx_word' id='word_1_348' title='bbox 151 3149 231 3182; x_wconf 90' lang='lat' dir='ltr'>cursu</span> <span class='ocrx_word' id='word_1_349' title='bbox 243 3144 347 3202; x_wconf 77' lang='lat' dir='ltr'>aequato</span> <span class='ocrx_word' id='word_1_350' title='bbox 360 3131 406 3183; x_wconf 84' lang='lat' dir='ltr'>illa</span> <span class='ocrx_word' id='word_1_351' title='bbox 419 3133 474 3200; x_wconf 88' lang='lat' dir='ltr'>ejus</span> <span class='ocrx_word' id='word_1_352' title='bbox 488 3129 566 3181; x_wconf 90' lang='lat' dir='ltr'>lateri</span> <span class='ocrx_word' id='word_1_353' title='bbox 610 3145 669 3178; x_wconf 87' lang='lat' dir='ltr'>rum</span> <span class='ocrx_word' id='word_1_354' title='bbox 682 3139 708 3178; x_wconf 93' lang='lat' dir='ltr'>et</span> <span class='ocrx_word' id='word_1_355' title='bbox 721 3126 755 3178; x_wconf 88' lang='lat' dir='ltr'>ab</span> <span class='ocrx_word' id='word_1_356' title='bbox 768 3125 839 3174; x_wconf 90' lang='lat' dir='ltr'>omni</span> <span class='ocrx_word' id='word_1_357' title='bbox 856 3131 931 3192; x_wconf 85' lang='lat' dir='ltr'>parte</span> <span class='ocrx_word' id='word_1_358' title='bbox 947 3117 1105 3188; x_wconf 85' lang='lat' dir='ltr'>perfectum.</span> 
     </span>
     <span class='ocr_line' id='line_1_35' title="bbox 57 3195 1108 3283; baseline -0.02 -20"><span class='ocrx_word' id='word_1_359' title='bbox 57 3217 176 3283; x_wconf 86' lang='lat' dir='ltr'>juncta,</span> <span class='ocrx_word' id='word_1_360' title='bbox 196 3209 287 3262; x_wconf 85' lang='lat' dir='ltr'>dextra</span> <span class='ocrx_word' id='word_1_361' title='bbox 306 3209 411 3262; x_wconf 85' lang='lat' dir='ltr'>sublata</span> <span class='ocrx_word' id='word_1_362' title='bbox 432 3208 567 3260; x_wconf 88' lang='lat' dir='ltr'>Orsilochi</span> <span class='ocrx_word' id='word_1_363' title='bbox 610 3209 719 3280; x_wconf 75' lang='lat' dir='ltr'>Ligures</span> <span class='ocrx_word' id='word_1_364' title='bbox 731 3205 881 3267; x_wconf 83' lang='lat' dir='ltr'>fraudibus,</span> <span class='ocrx_word' id='word_1_365' title='bbox 895 3213 921 3253; x_wconf 89' lang='lat' dir='ltr'>et</span> <span class='ocrx_word' id='word_1_366' title='bbox 929 3195 1041 3272; x_wconf 86' lang='lat' dir='ltr'>perfidia</span> <span class='ocrx_word' id='word_1_367' title='bbox 1052 3211 1108 3244; x_wconf 89' lang='lat' dir='ltr'>om·</span> 
     </span>
     <span class='ocr_line' id='line_1_36' title="bbox 62 3274 1109 3361; baseline -0.021 -16"><span class='ocrx_word' id='word_1_368' title='bbox 62 3290 149 3360; x_wconf 88' lang='lat' dir='ltr'>capiti</span> <span class='ocrx_word' id='word_1_369' title='bbox 162 3291 243 3340; x_wconf 90' lang='lat' dir='ltr'>ictum</span> <span class='ocrx_word' id='word_1_370' title='bbox 255 3288 365 3361; x_wconf 91' lang='lat' dir='ltr'>bipenni</span> <span class='ocrx_word' id='word_1_371' title='bbox 377 3287 479 3360; x_wconf 85' lang='lat' dir='ltr'>infligit.</span> <span class='ocrx_word' id='word_1_372' title='bbox 497 3306 567 3341; x_wconf 84' lang='lat' dir='ltr'>secu·</span> <span class='ocrx_word' id='word_1_373' title='bbox 610 3289 674 3338; x_wconf 89' lang='lat' dir='ltr'>nino</span> <span class='ocrx_word' id='word_1_374' title='bbox 699 3286 812 3336; x_wconf 82' lang='lat' dir='ltr'>infames</span> <span class='ocrx_word' id='word_1_375' title='bbox 835 3285 910 3334; x_wconf 85' lang='lat' dir='ltr'>fuere</span> <span class='ocrx_word' id='word_1_376' title='bbox 927 3302 934 3330; x_wconf 73' lang='lat' dir='ltr'>z</span> <span class='ocrx_word' id='word_1_377' title='bbox 954 3280 1023 3330; x_wconf 88' lang='lat' dir='ltr'>forte</span> <span class='ocrx_word' id='word_1_378' title='bbox 1045 3274 1109 3344; x_wconf 85' lang='lat' dir='ltr'>quia</span> 
     </span>
     <span class='ocr_line' id='line_1_37' title="bbox 62 3355 1110 3440; baseline -0.019 -18"><span class='ocrx_word' id='word_1_379' title='bbox 62 3371 117 3422; x_wconf 84' lang='lat' dir='ltr'>rim</span> <span class='ocrx_word' id='word_1_380' title='bbox 129 3369 312 3440; x_wconf 75' lang='lat' dir='ltr'>conpeminat,</span> <span class='ocrx_word' id='word_1_381' title='bbox 325 3387 391 3440; x_wconf 87' lang='lat' dir='ltr'>pro,</span> <span class='ocrx_word' id='word_1_382' title='bbox 404 3370 499 3434; x_wconf 88' lang='lat' dir='ltr'>ictum,</span> <span class='ocrx_word' id='word_1_383' title='bbox 509 3367 567 3418; x_wconf 79' lang='lat' dir='ltr'>rul-</span> <span class='ocrx_word' id='word_1_384' title='bbox 610 3366 740 3418; x_wconf 90' lang='lat' dir='ltr'>montium</span> <span class='ocrx_word' id='word_1_385' title='bbox 758 3361 867 3413; x_wconf 89' lang='lat' dir='ltr'>latebris</span> <span class='ocrx_word' id='word_1_386' title='bbox 887 3359 1001 3410; x_wconf 85' lang='lat' dir='ltr'>hostium</span> <span class='ocrx_word' id='word_1_387' title='bbox 1021 3355 1110 3404; x_wconf 89' lang='lat' dir='ltr'>incur·</span> 
     </span>
     <span class='ocr_line' id='line_1_38' title="bbox 62 3433 1171 3522; baseline -0.022 -18"><span class='ocrx_word' id='word_1_388' title='bbox 62 3467 127 3504; x_wconf 85' lang='lat' dir='ltr'>nus.</span> <span class='ocrx_word' id='word_1_389' title='bbox 141 3447 219 3500; x_wconf 86' lang='lat' dir='ltr'>Silius</span> <span class='ocrx_word' id='word_1_390' title='bbox 230 3449 255 3516; x_wconf 83' lang='lat'>1,</span> <span class='ocrx_word' id='word_1_391' title='bbox 267 3449 318 3514; x_wconf 68' lang='lat'>4²5</span> <span class='ocrx_word' id='word_1_392' title='bbox 335 3469 441 3520; x_wconf 88' lang='lat' dir='ltr'>aper—</span> <span class='ocrx_word' id='word_1_393' title='bbox 448 3448 570 3522; x_wconf 72' lang='lat' dir='ltr'>geminat</span> <span class='ocrx_word' id='word_1_394' title='bbox 612 3464 655 3498; x_wconf 87' lang='lat' dir='ltr'>sus</span> <span class='ocrx_word' id='word_1_395' title='bbox 668 3441 790 3509; x_wconf 90' lang='lat' dir='ltr'>eludere,</span> <span class='ocrx_word' id='word_1_396' title='bbox 800 3440 976 3510; x_wconf 22' lang='lat' dir='ltr'>eosquelinter</span> <span class='ocrx_word' id='word_1_397' title='bbox 984 3433 1109 3502; x_wconf 87' lang='lat' dir='ltr'>silvarum</span> <span class='ocrx_word' id='word_1_398' title='bbox 1169 3488 1171 3509; x_wconf 78' lang='lat'>,</span> 
     </span>
     <span class='ocr_line' id='line_1_39' title="bbox 63 3511 1111 3594; baseline -0.022 -12"><span class='ocrx_word' id='word_1_399' title='bbox 63 3539 160 3582; x_wconf 85' lang='lat' dir='ltr'>contra</span> <span class='ocrx_word' id='word_1_400' title='bbox 169 3526 296 3579; x_wconf 80' lang='lat' dir='ltr'>venabula</span> <span class='ocrx_word' id='word_1_401' title='bbox 306 3529 453 3594; x_wconf 87' lang='lat' dir='ltr'>dentem,b.</span> <span class='ocrx_word' id='word_1_402' title='bbox 465 3549 489 3582; x_wconf 87' lang='lat' dir='ltr'>e.</span> <span class='ocrx_word' id='word_1_403' title='bbox 499 3546 568 3579; x_wconf 90' lang='lat' dir='ltr'>mor·</span> <span class='ocrx_word' id='word_1_404' title='bbox 613 3525 737 3594; x_wconf 86' lang='lat' dir='ltr'>ambages</span> <span class='ocrx_word' id='word_1_405' title='bbox 750 3533 776 3574; x_wconf 91' lang='lat' dir='ltr'>et</span> <span class='ocrx_word' id='word_1_406' title='bbox 788 3520 869 3572; x_wconf 86' lang='lat' dir='ltr'>saltus</span> <span class='ocrx_word' id='word_1_407' title='bbox 885 3521 911 3568; x_wconf 93' lang='lat' dir='ltr'>in</span> <span class='ocrx_word' id='word_1_408' title='bbox 930 3513 1038 3568; x_wconf 89' lang='lat' dir='ltr'>insidias</span> <span class='ocrx_word' id='word_1_409' title='bbox 1052 3511 1111 3561; x_wconf 85' lang='lat' dir='ltr'>alli-</span> 
     </span>
     <span class='ocr_line' id='line_1_40' title="bbox 64 3591 1111 3686; baseline -0.018 -25"><span class='ocrx_word' id='word_1_410' title='bbox 64 3607 247 3686; x_wconf 67' lang='lat' dir='ltr'>sum-692.</span> <span class='ocrx_word' id='word_1_411' title='bbox 265 3610 354 3660; x_wconf 84' lang='lat' dir='ltr'>oranti</span> <span class='ocrx_word' id='word_1_412' title='bbox 370 3620 396 3660; x_wconf 90' lang='lat' dir='ltr'>et</span> <span class='ocrx_word' id='word_1_413' title='bbox 411 3607 495 3660; x_wconf 86' lang='lat' dir='ltr'>multa</span> <span class='ocrx_word' id='word_1_414' title='bbox 509 3627 569 3678; x_wconf 85' lang='lat' dir='ltr'>pre·</span> <span class='ocrx_word' id='word_1_415' title='bbox 613 3625 672 3658; x_wconf 79' lang='lat' dir='ltr'>cere</span> <span class='ocrx_word' id='word_1_416' title='bbox 685 3602 814 3655; x_wconf 88' lang='lat' dir='ltr'>solebant.</span> <span class='ocrx_word' id='word_1_417' title='bbox 831 3599 938 3672; x_wconf 68' lang='lat' dir='ltr'>Ligures</span> <span class='ocrx_word' id='word_1_418' title='bbox 956 3613 1043 3648; x_wconf 88' lang='lat' dir='ltr'>omnes</span> <span class='ocrx_word' id='word_1_419' title='bbox 1054 3591 1111 3663; x_wconf 77' lang='lat' dir='ltr'>fal·</span> 
     </span>
     <span class='ocr_line' id='line_1_41' title="bbox 64 3671 1111 3761; baseline -0.014 -22"><span class='ocrx_word' id='word_1_420' title='bbox 64 3685 154 3746; x_wconf 83' lang='lat' dir='ltr'>cunti,</span> <span class='ocrx_word' id='word_1_421' title='bbox 168 3685 221 3737; x_wconf 91' lang='lat' dir='ltr'>hoc</span> <span class='ocrx_word' id='word_1_422' title='bbox 238 3705 292 3737; x_wconf 89' lang='lat' dir='ltr'>non</span> <span class='ocrx_word' id='word_1_423' title='bbox 306 3686 384 3738; x_wconf 88' lang='lat' dir='ltr'>video</span> <span class='ocrx_word' id='word_1_424' title='bbox 402 3707 481 3758; x_wconf 89' lang='lat' dir='ltr'>quam</span> <span class='ocrx_word' id='word_1_425' title='bbox 499 3705 570 3737; x_wconf 89' lang='lat' dir='ltr'>com·</span> <span class='ocrx_word' id='word_1_426' title='bbox 614 3683 696 3748; x_wconf 85' lang='lat' dir='ltr'>laces,</span> <span class='ocrx_word' id='word_1_427' title='bbox 709 3681 791 3734; x_wconf 84' lang='lat' dir='ltr'>verba</span> <span class='ocrx_word' id='word_1_428' title='bbox 803 3679 910 3744; x_wconf 87' lang='lat' dir='ltr'>Catonis</span> <span class='ocrx_word' id='word_1_429' title='bbox 923 3677 1012 3746; x_wconf 88' lang='lat' dir='ltr'>Origg.</span> <span class='ocrx_word' id='word_1_430' title='bbox 1028 3671 1111 3761; x_wconf 55' lang='lat' dir='ltr'>lib-,¹¹</span> 
     </span>
     <span class='ocr_line' id='line_1_42' title="bbox 63 3749 1109 3837; baseline -0.019 -19"><span class='ocrx_word' id='word_1_431' title='bbox 63 3766 147 3818; x_wconf 88' lang='lat' dir='ltr'>mode</span> <span class='ocrx_word' id='word_1_432' title='bbox 161 3785 177 3817; x_wconf 87' lang='lat' dir='ltr'>a</span> <span class='ocrx_word' id='word_1_433' title='bbox 189 3779 268 3837; x_wconf 88' lang='lat' dir='ltr'>poeta</span> <span class='ocrx_word' id='word_1_434' title='bbox 282 3765 413 3835; x_wconf 89' lang='lat' dir='ltr'>adjectum</span> <span class='ocrx_word' id='word_1_435' title='bbox 429 3769 480 3817; x_wconf 91' lang='lat' dir='ltr'>sit:</span> <span class='ocrx_word' id='word_1_436' title='bbox 498 3765 570 3816; x_wconf 91' lang='lat' dir='ltr'>Orsi·</span> <span class='ocrx_word' id='word_1_437' title='bbox 615 3765 710 3816; x_wconf 83' lang='lat' dir='ltr'>excitat</span> <span class='ocrx_word' id='word_1_438' title='bbox 723 3761 794 3812; x_wconf 88' lang='lat' dir='ltr'>Serv.</span> <span class='ocrx_word' id='word_1_439' title='bbox 809 3756 879 3810; x_wconf 84' lang='lat' dir='ltr'>adh.</span> <span class='ocrx_word' id='word_1_440' title='bbox 893 3757 911 3807; x_wconf 95' lang='lat' dir='ltr'>l.</span> <span class='ocrx_word' id='word_1_441' title='bbox 924 3753 1044 3806; x_wconf 89' lang='lat' dir='ltr'>Eundem</span> <span class='ocrx_word' id='word_1_442' title='bbox 1056 3749 1109 3801; x_wconf 85' lang='lat' dir='ltr'>vid.</span> 
     </span>
     <span class='ocr_line' id='line_1_43' title="bbox 65 3838 1113 3915; baseline -0.017 -17"><span class='ocrx_word' id='word_1_443' title='bbox 65 3841 163 3898; x_wconf 79' lang='lat' dir='ltr'>lochus</span> <span class='ocrx_word' id='word_1_444' title='bbox 174 3847 260 3915; x_wconf 84' lang='lat' dir='ltr'>ipsam</span> <span class='ocrx_word' id='word_1_445' title='bbox 269 3863 405 3914; x_wconf 84' lang='lat' dir='ltr'>aggressus</span> <span class='ocrx_word' id='word_1_446' title='bbox 414 3857 471 3896; x_wconf 86' lang='lat' dir='ltr'>erat</span> <span class='ocrx_word' id='word_1_447' title='bbox 479 3865 486 3906; x_wconf 88' lang='lat'>;</span> <span class='ocrx_word' id='word_1_448' title='bbox 499 3855 572 3895; x_wconf 84' lang='lat' dir='ltr'>nunc&#39;</span> <span class='ocrx_word' id='word_1_449' title='bbox 615 3841 649 3894; x_wconf 85' lang='lat' dir='ltr'>ad</span> <span class='ocrx_word' id='word_1_450' title='bbox 659 3860 696 3894; x_wconf 86' lang='lat' dir='ltr'>vs.</span> <span class='ocrx_word' id='word_1_451' title='bbox 711 3838 771 3910; x_wconf 83' lang='lat'>715.</span> <span class='ocrx_word' id='word_1_452' title='bbox 784 3838 895 3908; x_wconf 86' lang='lat' dir='ltr'>Liguriae</span> <span class='ocrx_word' id='word_1_453' title='bbox 911 3847 1000 3887; x_wconf 87' lang='lat' dir='ltr'>autem</span> <span class='ocrx_word' id='word_1_454' title='bbox 1015 3847 1113 3901; x_wconf 86' lang='lat' dir='ltr'>magna</span> 
     </span>
     <span class='ocr_line' id='line_1_44' title="bbox 66 3913 1112 3995; baseline -0.014 -19"><span class='ocrx_word' id='word_1_455' title='bbox 66 3913 124 3994; x_wconf 67' lang='lat' dir='ltr'>arte</span> <span class='ocrx_word' id='word_1_456' title='bbox 139 3924 258 3980; x_wconf 71' lang='lat' dir='ltr'>Camillae</span> <span class='ocrx_word' id='word_1_457' title='bbox 271 3937 419 3993; x_wconf 70' lang='lat' dir='ltr'>pareremus</span> <span class='ocrx_word' id='word_1_458' title='bbox 432 3923 552 3995; x_wconf 87' lang='lat' dir='ltr'>fugiebat</span> <span class='ocrx_word' id='word_1_459' title='bbox 562 3936 568 3964; x_wconf 78' lang='lat'><em>2</em></span> <span class='ocrx_word' id='word_1_460' title='bbox 614 3938 676 3995; x_wconf 87' lang='lat' dir='ltr'>pars</span> <span class='ocrx_word' id='word_1_461' title='bbox 686 3939 735 3990; x_wconf 91' lang='lat' dir='ltr'>per</span> <span class='ocrx_word' id='word_1_462' title='bbox 745 3919 803 3987; x_wconf 90' lang='lat' dir='ltr'>ipsa</span> <span class='ocrx_word' id='word_1_463' title='bbox 814 3916 965 3987; x_wconf 81' lang='lat' dir='ltr'>Appennini</span> <span class='ocrx_word' id='word_1_464' title='bbox 975 3915 1040 3984; x_wconf 87' lang='lat' dir='ltr'>juga</span> <span class='ocrx_word' id='word_1_465' title='bbox 1051 3927 1112 3980; x_wconf 87' lang='lat' dir='ltr'>pro·</span> 
     </span>
     <span class='ocr_line' id='line_1_45' title="bbox 69 3989 1110 4075; baseline -0.018 -19"><span class='ocrx_word' id='word_1_466' title='bbox 69 4007 128 4075; x_wconf 85' lang='lat' dir='ltr'>quis</span> <span class='ocrx_word' id='word_1_467' title='bbox 147 4003 192 4058; x_wconf 92' lang='lat' dir='ltr'>hic</span> <span class='ocrx_word' id='word_1_468' title='bbox 215 4013 273 4056; x_wconf 87' lang='lat' dir='ltr'>erat</span> <span class='ocrx_word' id='word_1_469' title='bbox 292 4001 460 4074; x_wconf 85' lang='lat' dir='ltr'>supplicandi</span> <span class='ocrx_word' id='word_1_470' title='bbox 477 4001 571 4055; x_wconf 87' lang='lat' dir='ltr'>locus?</span> <span class='ocrx_word' id='word_1_471' title='bbox 614 3999 780 4054; x_wconf 86' lang='lat' dir='ltr'>tendebatur.</span> <span class='ocrx_word' id='word_1_472' title='bbox 792 3997 890 4052; x_wconf 84' lang='lat' dir='ltr'>Incidit</span> <span class='ocrx_word' id='word_1_473' title='bbox 901 3994 977 4060; x_wconf 70' lang='lat' dir='ltr'>leuis,</span> <span class='ocrx_word' id='word_1_474' title='bbox 988 3994 1016 4042; x_wconf 90' lang='lat' dir='ltr'>in</span> <span class='ocrx_word' id='word_1_475' title='bbox 1028 3989 1110 4051; x_wconf 86' lang='lat' dir='ltr'>hunc,</span> 
     </span>
    </p>
   </div>
   <div class='ocr_carea' id='block_1_5' title="bbox 0 0 1386 4598">
    <p class='ocr_par' dir='ltr' id='par_1_7' title="bbox 0 0 1386 4598">
     <span class='ocr_line' id='line_1_46' title="bbox 0 0 1386 4598; baseline 0 0"><span class='ocrx_word' id='word_1_476' title='bbox 0 0 1386 4598; x_wconf 95' lang='lat' dir='ltr'> </span> 
     </span>
    </p>
   </div>
  </div>
 </body>
</html>
