2736 4598
494 255 1039 357 P.vlttGlL11MARONIS

247 393 361 458 Victor
372 389 472 456 hahet
483 412 490 450 ε
503 407 574 454 tum
587 407 699 454 maesta
711 390 865 478 phalanx,
880 393 1068 482 Teucrique
1080 411 1282 483 sequuntur,

248 495 478 588 Tyrrhenique
491 494 608 574 duces,
622 512 655 560 et
666 497 768 560 versis
781 495 923 562 Arcades
935 499 1043 562 ermis.

247 608 424 692 Postquam
437 601 543 665 omnis
556 600 655 688 longe
666 603 825 665 comitum
837 621 1042 690 processerat
1053 604 1151 686 ordo,

246 708 396 774 Substitit
408 709 538 783 lEncas,
553 705 744 794 gemituque
757 706 826 771 haec
838 705 966 772 addidit
978 710 1063 773 alto:
1263 726 1291 785 95
1350 697 1351 704 ἵ

252 845 265 873 a
279 817 345 879 Nos
357 813 435 877 alias
447 810 526 880 hinc
537 810 579 875 ad
592 812 739 876 lacrimas
752 811 866 877 eadem
880 813 1013 878 horrida
1024 814 1103 880 belli

248 923 326 986 Fata
337 935 474 985 vocant:
489 918 577 981 salve
588 936 748 982 aeternum
761 918 856 999 mihi,
870 943 1021 984 maxume
1034 921 1135 1000 Palla,

249 1031 487 1113 AEternumque
499 1023 582 1087 vale.
596 1053 608 1082 u
625 1025 653 1086 N
656 1046 693 1088 ec
706 1024 800 1112 plura
813 1025 945 1104 effatus,
959 1025 1001 1090 ad
1013 1026 1095 1091 altos

248 1131 422 1200 Tendebat
433 1151 560 1208 muros,
574 1151 789 1219 gressumque
802 1132 835 1196 in
848 1148 950 1196 castra
966 1131 1102 1198 ferebat.

291 1243 432 1329 Jamque
446 1252 591 1300 oratores
603 1234 739 1301 aderant
751 1259 791 1301 ex
801 1236 884 1302 urbe
897 1238 1026 1316 Latina,

249 268 310 333 208

1252 1267 1355 1384 wop

280 1450 318 1513 93.
338 1443 492 1506 Tyrrhenique
510 1456 585 1486 omnes
600 1441 687 1487 Medic.
705 1454 728 1488 et
746 1442 816 1488 codd.
835 1443 914 1489 Heius.
932 1458 1025 1499 omnes,
1042 1445 1108 1489 trinis
1127 1443 1237 1504 exceptis.
1253 1443 1293 1496 Er-

250 1535 328 1571 rorem
342 1529 421 1564 uersus
435 1525 534 1574 sequens
549 1514 650 1574 peperit.
669 1512 727 1568 Sed,
746 1515 765 1557 si
781 1511 826 1558 hoc
842 1529 891 1558 nou
905 1515 951 1559 nisi
966 1516 990 1558 in
1006 1529 1054 1559 uno
1070 1513 1178 1560 Medicoo
1193 1515 1294 1576 primum

250 1606 284 1640 est
300 1589 399 1641 lactum,
415 1594 527 1646 quantum
546 1585 652 1628 codicum
667 1595 750 1644 agmen
766 1599 794 1628 ex
810 1598 838 1629 eo
854 1583 969 1644 prodiisse
987 1583 1131 1630 credendum
1143 1583 1190 1628 est!
1209 1583 1293 1627 Roma·

250 1679 294 1710 nm
310 1659 418 1719 contagio
433 1654 493 1699 liber
510 1665 561 1700 eat:
578 1669 630 1700 cum
646 1653 716 1698 Goth.
734 1670 769 1716 pr.
788 1667 811 1700 et
825 1668 878 1701 tert.
891 1681 922 1692 —
932 1655 971 1716 94.
990 1659 1095 1703 comitum
1110 1654 1173 1720 louqc
1189 1653 1293 1700 Parthas.
1309 1675 1311 1682 ·
1356 1687 1357 1718 ,

250 1737 395 1799 precesserat
407 1727 473 1770 Rom.
492 1735 515 1770 et
531 1726 602 1770 ceteri
620 1725 695 1779 Pier,
714 1741 767 1770 cum
783 1738 839 1772 vett.
859 1725 928 1783 edd,
946 1741 1027 1774 omnes
1038 1726 1119 1772 itidem
1135 1727 1228 1780 Heius,
1246 1737 1294 1769 uno
1356 1719 1357 1728 ¹

250 1805 311 1850 Van.
328 1809 441 1859 excepto,
460 1806 483 1840 et
500 1809 543 1855 pro
560 1811 608 1840 var.
624 1793 678 1840 lect.
698 1793 760 1840 oud.
779 1795 864 1842 Maluit
879 1809 957 1842 tamen
971 1799 1050 1843 lleius.
1066 1795 1177 1850 alterum,
1191 1794 1257 1858 quod
1270 1795 1293 1838 in
1357 1760 1358 1838 l

250 1874 303 1922 Ald.
322 1887 368 1918 sec.
388 1879 520 1929 receptum,
538 1868 639 1912 retinere
655 1878 766 1929 tauquam
784 1871 856 1930 magia
873 1871 1003 1931 proprium.
1023 1867 1084 1914 conl.
1103 1867 1134 1913 ad
1151 1867 1218 1922 Vlll,
1236 1863 1294 1920 4⁶²3

250 1947 295 1994 hoc
308 1957 331 1992 et
344 1956 427 1990 ornnes
441 1937 510 1984 Goth.
525 1937 669 1998 praeferunt:
685 1941 704 1983 sl
721 1939 791 1984 modo
808 1941 835 1984 iit
852 1939 930 2002 aliqua
942 1953 1002 1988 esset
1012 1941 1144 1985 auctoritas.
1156 1963 1188 1974 -
1199 1939 1238 1998 95.
1253 1949 1295 1999 qut

251 2019 316 2066 abest
328 2018 409 2061 Frauc.
419 2011 490 2057 edr'dt‘t
500 2009 587 2054 Medic.
600 2027 613 2056 a
624 2025 655 2056 m.
670 2026 717 2056 sec.
735 2027 771 2072 pr.
790 2012 882 2073 Menag.
903 2011 961 2058 alter
977 2011 1075 2058 Mentel.
1091 2013 1173 2056 Franc.
1190 2007 1294 2054 Parrhas-

252 2103 275 2136 et
293 2086 364 2134 Goth.
383 2100 443 2138 teo,
460 2082 551 2143 quique
568 2083 645 2143 primo
662 2080 715 2128 loco
731 2082 896 2128 memorandus
912 2095 961 2128 erat
977 2084 1056 2139 Rom,
1072 2095 1099 2128 ut
1112 2081 1172 2126 adeo
1188 2079 1238 2124 hec
1255 2093 1296 2123 ve-

250 2163 299 2208 rior
315 2160 345 2204 ait
356 2155 434 2201 lectio.
452 2176 484 2188 -ν
501 2151 539 2210 96.
552 2152 601 2196 Nos
612 2151 678 2198 ult'ter
690 2153 749 2198 Vsu.
767 2177 799 2188 -
817 2169 855 2215 97.
867 2152 945 2199 Pulla-r
961 2155 1025 2200 Rom.
1043 2167 1067 2201 et
1082 2155 1172 2215 llugcn.
1190 2150 1252 2196 conl.
1267 2147 1297 2193 ad

251 2231 285 2284 X,
304 2227 357 2282 du.
377 2223 437 2270 adde
455 2221 479 2265 li.
495 2219 513 2264 l.
533 2221 593 2266 Pier.
605 2246 637 2257 --
648 2238 686 2284 99.
704 2221 889 2270 Cedelrutmurus
906 2224 948 2269 Ed.
967 2241 1002 2286 pr.
1021 2226 1146 2269 Burmann.
1162 2231 1296 2286 passusque
1359 2237 1360 2246 ¹

252 2297 350 2345 Oudart.
363 2307 386 2340 et
393 2290 490 2338 Dorrill.
505 2294 528 2335 tu
538 2300 595 2336 tectu
606 2293 649 2338 Ed.
659 2311 696 2356 pr.
710 2295 789 2338 Burin.
795 2294 904 2356 ferebant
915 2295 1061 2342 (lud-roo.
1073 2295 1170 2357 loroque
1180 2308 1201 2338 o.
1214 2291 1297 2337 adveu-
1360 2283 1361 2296 ¹

253 2375 302 2416 taut
311 2382 340 2411 ex
349 2364 409 2419 Eri,
421 2365 454 2410 sic
463 2361 545 2408 saltem
556 2361 603 2408 del.
615 2379 652 2408 ex.
664 2364 692 2408 de
701 2373 767 2428 pente
780 2367 862 2412 muna
875 2368 949 2429 Bigot.
1360 2377 1361 2400 l

211 2529 213 2532 ¹
252 2541 366 2610 Reliqua
377 2550 434 2588 tum
450 2537 584 2590 subticuit.
597 2569 632 2578 -
642 2557 675 2610 9²
694 2559 749 2613 seq.
795 2554 835 2596 sut
851 2544 954 2608 adhuc,
970 2559 1093 2614 casusque
1108 2540 1183 2608 jubet
1198 2537 1295 2590 nescire

252 2622 415 2691 Comparant
432 2617 507 2669 Iliad.
521 2620 556 2685 ψ,
577 2637 626 2690 129
643 2639 701 2692 sqq.
717 2621 751 2674 de
790 2623 908 2694 futuros.
921 2621 975 2673 vid.
989 2622 1034 2673 lib.
1049 2622 1087 2686 X,
1101 2619 1152 2689 573
1163 2636 1220 2689 seq.
1234 2619 1298 2668 Bur·

252 2698 368 2754 Patrocli
375 2699 476 2749 funere.
486 2698 561 2749 venis
568 2699 647 2752 anuis
655 2701 683 2752 h.
693 2701 753 2752 has-

220 2823 222 2829 .
252 2785 302 2846 tis,
321 2777 491 2832 hauddubie
509 2777 542 2829 de
555 2781 609 2830 suis
623 2783 752 2853 tempori·

252 2862 302 2912 bus
316 2861 408 2912 sumsit
424 2869 512 2930 poeta.
535 2858 631 2910 Saltem
650 2863 677 2912 in
698 2863 753 2912 llo·

252 2959 326 2994 mero
342 2958 480 2992 occurrere
498 2936 551 2990 lroc
565 2957 620 2990 non
634 2944 750 2994 memini.

253 3022 339 3091 —96.
359 3019 413 3072 Nos
433 3016 501 3072 aliur
522 3017 584 3070 tine
600 3048 634 3057 —
650 3031 751 3072 vocant.

252 3102 364 3174 Egregie
378 3097 435 3150 haec
453 3097 487 3149 ad
500 3098 614 3150 affectus
628 3113 654 3152 et
667 3100 701 3152 ud
712 3120 753 3152 re-

253 3200 312 3232 rum
328 3180 465 3230 veritatem
474 3196 482 3238 ς
499 3175 623 3246 idemque
641 3197 701 3230 cum
716 3197 754 3230 sa·

253 3261 358 3330 pientiae
393 3257 532 3326 preceptis
565 3259 752 3326 conjunctissi-

253 3356 325 3388 mum
334 3357 341 3396 ;
355 3331 594 3404 obtemperandum
603 3348 643 3387 est
651 3350 752 3388 naturae

253 3421 281 3468 iu
295 3416 368 3486 gravi
387 3431 467 3474 casu3
487 3426 527 3466 est
546 3413 679 3482 flendum,
699 3417 753 3468 elu-

253 3493 383 3569 gendum
397 3507 452 3543 tum
463 3495 551 3544 auimo
560 3499 707 3567 composito
718 3496 752 3548 ad

796 2721 908 2756 mannus
932 2703 1007 2754 Statii
1027 2717 1117 2754 versus
1144 2698 1238 2750 laudat
1262 2697 1298 2746 1v

796 2783 880 2836 Theb.
891 2785 951 2836 600.
965 2783 1026 2834 θοι.
1037 2782 1086 2834 602
1099 2779 1197 2832 Existis
1208 2795 1297 2829 casus:

797 2861 866 2914 bellu
885 2862 989 2920 horrida
1011 2861 1083 2912 uobis
1103 2871 1183 2930 utque
1205 2858 1301 2941 iteruin

800 2943 909 3012 Tydeus.
922 2959 1008 3012 -97.
1029 2938 1103 2992 Iliad.
1119 2941 1154 3004 ψ,
1175 2955 1215 3006 ¹9·
1232 2935 1299 3002 χιῖρι

795 3041 836 3086 μοι
849 3017 866 3070 ti
878 3018 997 3089 ssaessrpom
1008 3017 1048 3069 καὶ
1061 3017 1091 3070 tt’r
1103 3017 1183 3066 'alsus
1200 3013 1297 3081 dil-tutor.

798 3103 854 3154 Nec
873 3101 979 3153 diversa
1000 3098 1120 3151 clausula
1138 3098 1296 3150 Menexeni:

799 3181 835 3235 uit
851 3176 877 3232 dl
889 3180 930 3232 tt»
944 3179 1007 3245 tuiti
1026 3198 1051 3229 ut
1070 3176 1110 3228 uel
1126 3178 1194 3230 duo·
1215 3174 1299 3230 πάντες

796 3256 861 3312 mil
883 3255 920 3312 uir
940 3255 1004 3322 viper
1032 3252 1084 3310 ruric
1106 3253 1298 3308 rusticantium

796 3333 1002 3404 α’πολοφυμίμινοι
1019 3335 1097 3385 dumi.
1117 3344 1144 3383 et
1162 3335 1241 3388 Orat,
1256 3336 1299 3386 Pe-

796 3417 868 3468 riclis
880 3415 1006 3467 similiter.

835 3511 882 3546 100
894 3511 952 3564 sqq.
966 3491 1062 3544 Similis
1074 3491 1264 3564 legatio-Iliad.
1277 3511 1298 3552 u,

254 3577 313 3627 vitre
332 3570 420 3623 officia
440 3571 614 3625 redeundum.
636 3577 705 3626 Beue
719 3594 752 3626 ea
795 3575 843 3626 381
863 3591 920 3644 sqq.
941 3575 1119 3642 Trojauorum
1133 3572 1169 3624 ad
1180 3573 1297 3626 Achivos

252 3651 388 3706 transtulit
404 3651 481 3703 Silius
497 3655 523 3704 in
536 3655 705 3708 nobilissimis
716 3655 750 3706 il·
795 3652 830 3704 ad
840 3652 1009 3724 deposcenda
1024 3665 1187 3703 mortuorum
1208 3652 1244 3704 ad
1257 3672 1299 3704 sc-

253 3736 286 3786 lis
296 3750 347 3782 vss.
361 3733 446 3784 Ideus
456 3733 594 3798 Ausoniae,
607 3733 757 3806 quosasest
799 3732 933 3803 pulturam
950 3751 1072 3804 corpora.
1094 3734 1164 3783 Bene
1185 3749 1219 3782 ea
1235 3748 1298 3782 usus

255 3815 292 3864 ire
309 3811 429 3882 supterbus
446 3813 549 3866 Virtute
564 3823 591 3864 et
599 3813 682 3883 suetis
699 3813 754 3864 aui·
799 3825 839 3864 est
855 3825 934 3884 poeta
951 3813 986 3864 ad
1003 3811 1189 3864 illustrandum
1209 3811 1298 3867 AEnere

255 3910 326 3944 mas:
340 3890 388 3940 tibi
394 3888 482 3960 pluria
497 3890 547 3944 leto
556 3893 618 3942 Jum
627 3904 705 3962 partu
716 3893 754 3942 iu·
798 3909 905 3946 nomen.
919 3891 982 3943 Erat
999 3894 1068 3944 enim
1085 3909 1117 3942 ea
1130 3891 1213 3941 tacite
1230 3909 1298 3941 con-

254 3971 323 4046 εἰμί
330 3993 339 4033 ;
353 3981 449 4023 nostros
457 3971 573 4022 Fortuna
585 3968 682 4023 labores
693 3970 754 4027 Ver
797 3972 878 4023 fessio
890 3973 1060 4038 Latinorum,
1077 3972 1160 4021 victos
1173 3985 1201 4022 se
1215 3987 1274 4022 esse
1284 3987 1300 4020 a
