2690 4598
172 301 176 307 ·
260 277 301 353 44'
505 278 540 340 P.
563 278 1050 352 VIRGILllMARONlS
1085 374 1090 386 .

257 398 385 464 Diversi
398 401 664 491 circumspiciunt
677 429 683 466 :
697 403 763 469 hoc
776 407 882 470 acrior
893 405 984 472 idem
1039 441 1042 444 ·

258 501 343 567 Ecce
352 504 442 570 aliud
455 530 582 573 summa
594 511 698 574 telum
710 510 849 576 librabat
860 511 901 576 ab
914 536 1009 593 aure,

256 607 345 670 Dum
357 611 536 699 trepidant,
549 615 586 678 iit
597 615 689 680 hasta
699 619 792 704 Tago
805 641 865 705 per
877 634 1009 707 tempus
1022 636 1203 709 utrumque

256 711 416 796 Stridens,
430 719 631 809 trajectoque
644 720 737 786 haesit
750 723 913 809 tepefacta
924 724 1072 789 cerebro·

256 816 353 883 Saevit
363 839 455 886 atrox
467 826 637 907 Volscens‚
652 851 712 892 nec
725 828 781 892 teli
795 829 957 916 conspicit
970 852 1112 920 usquam
1170 858 1176 874 ’
1251 845 1290 898 tar

255 925 446 1008 Auctorem,
460 953 521 996 nec
532 955 599 1020 quo
612 956 646 998 se
658 932 777 998 ardens
790 935 957 1001 inmittere
970 938 1084 1024 possit.

260 1058 274 1088 ιι
284 1032 337 1096 Tu
350 1050 458 1099 tamen
471 1037 594 1103 interea
607 1038 714 1104 calido
727 1040 808 1104 mihi
821 1043 979 1128 sanguine
991 1065 1105 1129 poenas
1164 1071 1166 1078 ·

257 1136 425 1204 Persolves
437 1141 624 1224 amborum,
638 1145 761 1234 inquit,
774 1175 787 1204 n
804 1146 902 1211 simul
915 1169 992 1212 ense
1004 1147 1134 1212 recluso

257 1240 328 1306 lbat
340 1245 373 1306 in
387 1246 582 1336 Euryalum:
597 1268 667 1315 tum
679 1274 757 1316 vero
771 1252 957 1332 exterritus,
970 1275 1099 1331 amens,

258 1346 447 1416 Conclamat
459 1353 569 1433 Nisus,
583 1378 644 1420 nec
656 1379 691 1421 se
703 1358 809 1422 celare
822 1357 967 1423 tenebris

257 1455 421 1543 Amplius,
434 1476 490 1524 aut
501 1477 629 1526 tantum
640 1465 748 1552 potuit
759 1464 907 1552 perferre
920 1464 1089 1529 dolorem:

263 1588 276 1617 a
289 1562 359 1642 Me,
373 1586 440 1644 me,
453 1562 583 1648 adsum,
598 1570 656 1657 qui
668 1570 746 1649 feci,
760 1571 794 1633 in
806 1593 859 1634 mo
872 1571 1054 1635 convertite
1067 1571 1208 1647 ferrum,

260 1663 290 1730 O
302 1668 428 1756 Rutuli!
442 1694 515 1737 mea
526 1674 614 1738 fraus
627 1677 748 1756 omnis;
762 1676 845 1740 nihil
856 1677 917 1740 iste
929 1698 991 1740 nec
1002 1697 1114 1755 ausus,

289 1850 343 1908 416.
355 1855 399 1900 Hic
409 1872 424 1901 a
436 1873 475 1920 qu.
486 1858 583 1916 Moret,
592 1859 634 1906 sed
644 1873 691 1907 est:
703 1873 768 1908 tanto
777 1864 865 1918 acrius,
875 1862 940 1926 quod
950 1874 973 1908 et
982 1861 1093 1916 latuerat,
1105 1872 1133 1906 ut
1141 1863 1216 1907 Servii
1224 1861 1291 1906 verbis

259 1931 323 1978 utar,
334 1935 357 1968 et
364 1925 428 1986 quod
437 1929 457 1972 ei
464 1930 552 1990 primus
559 1946 669 1992 prospere
678 1943 776 1977 cesserat
782 1933 865 1994 jactus.
874 1935 949 1978 acrius
958 1931 1044 1976 Medic.
1057 1943 1080 1975 et
1090 1947 1102 1974 a
1113 1945 1144 1974 m.
1155 1947 1191 1991 pr.
1202 1931 1257 1975 Gud.
1264 1954 1291 1964 -

259 1990 312 2052 417.
326 1991 394 2038 telum
404 2011 491 2042 summa
498 1998 587 2062 aliquot
598 2002 678 2046 lleins.
691 2014 714 2047 et
723 2003 801 2046 Burni.
813 2003 845 2047 Ex
854 2001 936 2047 iisdem
949 2013 972 2047 et
980 2002 1042 2046 Pier.
1052 2015 1105 2062 pars
1116 2016 1122 2044 ε
1134 1999 1235 2045 vibrabat
1244 2016 1290 2045 cum

258 2062 327 2108 Goth.
340 2076 392 2110 tert.
406 2080 429 2112 et
440 2069 485 2114 Eri.
498 2072 545 2117 Sed
555 2075 580 2116 in
588 2073 798 2129 emendatioribus,
806 2075 839 2118 ait
847 2075 944 2128 Pierius,
953 2071 1055 2128 librabat,
1061 2071 1126 2134 quod
1134 2084 1157 2117 et
1166 2071 1289 2134 elegantius.

257 2155 290 2166 ·-
300 2131 354 2188 418.
366 2137 427 2182 iiten
437 2139 501 2184 Leid.
514 2153 538 2186 et
549 2143 632 2188 Moret.
645 2157 691 2188 sec.
703 2144 782 2189 Heins.
796 2144 892 2190 adscivit
903 2159 908 2189 :
921 2155 982 2190 extat
992 2155 1069 2188 tamen
1077 2145 1160 2204 jamin
1172 2142 1225 2188 edd.
1235 2158 1290 2186 uon-

259 2199 337 2246 nullis.
346 2204 423 2250 liurm.
432 2207 497 2253 addit
506 2211 557 2254 cod.
569 2212 643 2273 bigot.
654 2212 731 2274 Vulgo
741 2212 827 2258 lectum
835 2216 863 2269 it,
874 2230 905 2259 sc.
916 2224 1034 2259 contracte
1044 2213 1151 2274 proisit,
1162 2209 1290 2256 etillaanti-

259 2274 328 2332 quior
341 2275 413 2321 forma
426 2294 438 2323 e
455 2283 618 2328 vetustioribus
628 2297 719 2345 poterat
730 2287 823 2331 servari.
841 2285 1014 2346 interpolaruut
1026 2281 1135 2329 nonnulli
1152 2285 1211 2346 itque
1222 2285 1244 2327 in
1255 2282 1289 2327 alt.

258 2341 340 2388 llamb.
353 2346 414 2392 volnt
424 2347 488 2396 hasta
499 2354 524 2396 in
536 2354 648 2402 Montalb.
662 2367 685 2402 et
696 2356 759 2417 apud
770 2358 880 2402 Priscian.
894 2355 959 2402 hasta
972 2365 1065 2401 trenteus
1075 2357 1150 2416 bigot.
1161 2369 1203 2416 per
1214 2363 1290 2417 tcmpus
1326 2361 1327 2398 l

259 2421 378 2479 utrumque
388 2422 459 2482 Asper
471 2424 636 2475 Grammaticus
648 2429 753 2489 exposuit
762 2443 769 2472 r
781 2432 838 2473 tuter
846 2436 861 2472 t.
869 2445 891 2472 v.
897 2462 905 2484 ,
912 2440 938 2474 ut
950 2430 1013 2474 Serv.
1023 2439 1096 2473 notat.
1103 2424 1193 2487 -cirp
1203 2429 1246 2482 exii
1253 2441 1291 2486 pro

259 2481 324 2530 licerit
332 2488 424 2534 Vratisl.
436 2517 466 2526 -
476 2491 529 2548 iao.
541 2494 630 2541 vehens
639 2497 708 2542 Goth.
717 2510 768 2544 tert.
778 2498 826 2543 telis
835 2497 933 2545 Dorvill.
945 2513 1051 2561 umquam
1060 2495 1147 2542 Medic.
1160 2512 1173 2540 a
1183 2511 1213 2539 m.
1222 2511 1254 2556 pr.
1263 2519 1290 2530 -
1326 2503 1327 2514 ¹

258 2551 312 2608 421.
323 2571 368 2618 quo
378 2559 459 2606 ardens
470 2577 493 2606 se
505 2563 556 2609 Ald.
568 2578 591 2612 et
600 2567 668 2613 Goth.
679 2584 724 2614 sec.
738 2593 769 2603 -
780 2568 834 2624 [423.
845 2569 894 2629 infit
902 2568 968 2613 Leid.
977 2567 1064 2613 etalter
1075 2567 1169 2626 Menag.
1180 2565 1210 2612 ci.
1220 2567 1288 2610 lleins·

257 2636 281 2669 et
294 2625 371 2673 Burni.
388 2644 440 2676 ense
453 2631 538 2679 recluso
548 2652 555 2679 :
567 2636 702 2684 credibilius
719 2650 764 2692 est,
776 2641 808 2685 ait
824 2641 981 2693 Burmannus,
993 2638 1044 2693 hic,
1057 2636 1098 2682 ubi
1112 2638 1160 2698 jam
1171 2652 1245 2698 pugna
1254 2637 1290 2688 sit,

259 2709 337 2742 ensem
352 2700 400 2760 jam
419 2704 522 2750 strictum
541 2705 647 2752 habuisse
663 2707 825 2764 Volscentcm,
844 2721 866 2754 et
882 2709 937 2754 hinc
954 2708 1049 2769 conjicit
1067 2705 1112 2768 leg.
1129 2721 1182 2750 ense
1193 2706 1290 2750 reducto:
1326 2709 1327 2712 ’

257 2768 322 2828 quod
333 2786 375 2831 per
387 2786 411 2818 se
422 2788 470 2834 non
482 2776 625 2838 improbem:
637 2779 729 2824 reducit
740 2782 803 2825 enim
815 2795 894 2826 ensem
904 2785 927 2826 et
937 2782 956 2824 is
969 2780 1010 2842 qui
1022 2777 1102 2832 caedit,
1121 2789 1144 2822 et
1156 2779 1176 2822 is
1187 2780 1227 2840 qui
1238 2793 1290 2839 pun-

257 2837 304 2898 git:
317 2841 351 2885 uti
360 2841 448 2888 hastam
458 2847 499 2906 qui
508 2847 621 2903 immittit,
640 2865 663 2893 v.
680 2865 700 2893 c.
717 2849 760 2893 ini.
777 2851 820 2905 xi,
832 2849 885 2895 605.
903 2849 948 2894 606
959 2861 981 2894 et
991 2864 1028 2909 ap.
1039 2847 1107 2894 Ovid.
1122 2847 1180 2892 blot.
1192 2848 1241 2902 ru,
1255 2847 1287 2890 131

256 2907 358 2958 Achilles
369 2914 442 2977 Cygni
454 2931 479 2960 os
491 2915 567 2978 pulsat
578 2916 647 2980 ch'peo
658 2919 761 2975 reducto,
773 2935 805 2965 sc.
816 2922 908 2983 quoties
920 2922 1068 2981 impingeret,
1078 2929 1141 2962 retro
1153 2917 1242 2962 ferebat
1252 2915 1290 2962 cli·

257 2993 340 3038 peum,
353 2995 378 3028 ut
392 2987 452 3030 vires
464 2983 591 3048 colligeret.
604 2989 633 3034 cf.
649 2989 691 3034 inf.
710 2991 742 3045 x,
761 2991 814 3034 552.
825 2990 871 3036 Sed
882 2988 947 3034 nulla
962 2988 1038 3034 adhuc
1049 3002 1127 3050 pugna
1139 3000 1183 3034 est.
1192 2987 1289 3033 Trahitur

255 3052 359 3110 captivus
371 3054 495 3118 Euryalus,
507 3058 595 3103 interea
607 3075 635 3104 ex
646 3059 739 3105 occulto
749 3059 841 3106 advolat
856 3060 929 3106 hasta.
942 3084 972 3094 —
983 3058 1036 3114 425.
1048 3057 1147 3104 celerare
1163 3074 1199 3120 pr.
1218 3057 1288 3102 llamb.

257 3113 334 3164 latebis
345 3121 404 3168 Ven.
417 3150 448 3159 -
457 3124 510 3181 426.
522 3125 583 3172 baud
591 3136 678 3174 tantum
687 3131 766 3174 Franc.
779 3142 803 3174 et
813 3129 882 3176 Goth.
895 3146 930 3192 pr.
939 3131 1004 3192 potui
1010 3127 1121 3174 ed.Junt.
1129 3131 1204 3188 potuit
1215 3135 1290 3170 lanium

257 3188 326 3234 Goth.
337 3207 382 3238 sec.
394 3220 426 3230 —
436 3196 490 3260 4²7·
496 3198 547 3260 feci
553 3202 753 3263 iuquitParrhas.,
762 3204 868 3264 pessime.
883 3203 920 3248 Sic
928 3215 1014 3247 summa
1024 3215 1104 3246 versus
1113 3201 1148 3246 ris
1157 3199 1289 3260 infringitur·

258 3279 290 3291 ··
300 3257 354 3313 4²8-
368 3279 438 3328 neque
454 3284 476 3312 a.
491 3271 556 3316 liom.

259 3394 309 3452 506
335 3398 440 3473 imaque
462 3405 538 3482 longo
559 3412 612 3464 Ilia
632 3411 751 3485 singultu
801 3433 844 3466 sus
859 3414 967 3485 Hippoi.
987 3423 1034 3467 hat
1060 3407 1127 3478 rape*
1142 3410 1290 3476 χιΐτανξιν

259 3475 375 3529 tendunt.
800 3490 848 3546 θᾶν
861 3494 927 3561 ῥίψαι
935 3493 1115 3557 diano-418·
1130 3493 1192 3562 419.
1205 3494 1290 3542 Home·

291 3555 352 3620 416.
374 3559 552 3619 Pacuvianum
574 3570 667 3623 laudat
694 3573 751 3623 Ma·
800 3575 885 3624 ricum
897 3573 1007 3636 vulnus,
1019 3589 1044 3622 v.
1058 3591 1080 3624 c.
1094 3571 1171 3622 llind.
1187 3573 1214 3632 d,
1231 3569 1289 3632 502,

257 3634 331 3686 crob.
354 3639 402 3704 vl,
427 3658 436 3692 r
462 3645 564 3700 Diversi
582 3650 753 3720 circumspici·
801 3655 934 3725 etv,473.
948 3652 1092 3724 tepefacta:
1107 3651 1290 3722 saepeibidefflr

257 3731 329 3766 mus:
344 3714 436 3770 horror
441 3724 667 3798 percipit-417.
680 3747 752 3780 sum·
800 3733 876 3785 iliad.
898 3753 930 3793 π,
950 3731 1009 3785 333·
1024 3761 1057 3770 -
1069 3731 1130 3797 4²²·
1151 3730 1254 3782 Servius
1269 3741 1291 3779 ⁶⁸

258 3809 301 3841 ma
315 3793 396 3846 telum
409 3797 520 3851 librabat
530 3804 562 3854 ab
574 3825 645 3857 aure.
656 3807 751 3880 Cogita
783 3801 919 3864 'Macroln
941 3813 1001 3875 Vll,
1022 3827 1048 3874 1,
1066 3828 1129 3880 pag·
1155 3809 1204 3878 572
1226 3809 1290 3877 Lips-

257 3883 354 3925 statum
371 3875 499 3930 vibrantis
515 3880 632 3948 hastam,
649 3886 752 3940 elevata
799 3890 911 3944 laudant
918 3909 949 3942 ex
956 3891 1034 3940 Ennii
1043 3887 1176 3953 Annali,
1190 3906 1250 3943 uam
1260 3884 1292 3934 ml

257 3971 274 4002 a
293 3953 385 4006 dextra
403 3958 496 4025 capitis
514 3973 590 4028 parte
606 3980 693 4016 manu.
712 3966 751 4018 De
800 3970 885 4023 calido
897 3968 1078 4042 dassartyut'ue
1087 3985 1187 4038 poensss·
1325 4039 1327 4048 Ι

258 4032 351 4088 eodem
366 4037 536 4108 accipiendus
548 4041 682 4112 Euripidis
695 4065 752 4100 ver·
836 4050 887 4119 Μ
895 4067 952 4124 sqq.
960 4048 1078 4104 observa
1085 4045 1131 4100 hic
1137 4043 1291 4102 incalescere
1325 4053 1327 4068 ³
