2736 4598
348 334 584 404 AENEIDOS
607 283 760 404 ΙΙιΙΒἘΒ
783 340 849 407 XL
1056 343 1114 410 air

72 463 196 526 Telum
208 464 354 542 inmane,
367 485 468 526 manu
480 461 587 526 valida
600 462 690 552 quod
703 465 788 530 forte
801 465 935 554 gerebat
952 525 959 533 ,

74 569 231 647 Bellator,
245 567 390 632 solidum
402 567 498 632 nodis
512 586 544 632 et
556 568 675 634 robore
688 589 799 652 cocto,

75 675 163 739 Huic
175 692 298 753 natam,
312 673 397 739 libro
411 691 444 738 et
456 674 595 739 silvestri
607 675 726 740 subere
739 677 896 756 clausam,

74 780 228 869 Inplicat,
242 797 341 870 atque
352 778 498 844 habilem
509 779 627 845 mediae
639 783 843 870 circumligat
854 783 971 863 hastae,
1074 800 1116 844 555

72 889 181 970 Quam
194 887 306 952 dextra
318 889 443 977 ingenti
455 889 591 968 librans,
605 890 650 954 ita
661 888 703 954 ad
717 890 839 954 aethera
851 892 956 954 fatur:

75 1022 89 1051 a
99 994 209 1074 Alma,
224 993 282 1058 tibi
294 994 393 1073 hanc,
408 1017 582 1059 nemorum
595 996 725 1074 cultrix,
740 996 878 1061 Latonia
889 996 1000 1083 virg0,

73 1101 148 1187 lpse
160 1115 253 1187 pater
265 1101 422 1164 famulam
433 1123 554 1180 voveo,
568 1116 624 1164 tua
635 1101 741 1188 prima
752 1124 813 1189 per
824 1123 918 1164 auras

71 1206 153 1269 Tela
166 1223 282 1270 tenens
295 1207 433 1295 supplex
444 1206 575 1272 hostem
588 1208 691 1295 fugit:
705 1206 836 1294 adcipe,
850 1224 966 1286 testor,
994 1237 997 1242 ·

72 1313 155 1376 Diva
167 1329 273 1390 tuam,
287 1335 361 1402 quae
372 1336 461 1378 nunc
473 1311 583 1377 dubiis
596 1315 801 1378 conmittitur
812 1315 910 1377 auris.
924 1342 936 1371 u
1071 1326 1116 1371 560

71 1418 174 1497 Dixit,
190 1435 222 1482 et
234 1417 378 1483 adducto
391 1435 580 1485 contortum
592 1418 708 1482 hastile
721 1418 843 1483 lacerto

69 1524 212 1587 Inmittit
223 1546 230 1586 :
243 1545 385 1588 sonuere
398 1523 511 1602 unda,
524 1522 677 1611 rapidum
689 1546 790 1611 super
801 1545 933 1587 amnem

70 1630 189 1693 Infelix
200 1629 285 1716 fugit
296 1630 330 1692 in
338 1629 449 1719 jaculo
462 1627 621 1693 stridente
634 1628 779 1693 Camilla.

68 1737 109 1799 At
122 1733 289 1814 Metabus,
302 1758 419 1823 magna
431 1735 568 1823 propius
576 1737 645 1825 jam
660 1752 821 1823 urguente
834 1751 977 1813 caterva,

67 1907 143 1953 subito
154 1920 232 1955 tamen
242 1910 365 1956 consilium
378 1910 424 1956 boc
436 1912 568 1973 arripuerit.
587 1913 645 1956 Nam
664 1911 738 1958 subito
751 1913 832 1955 victrix
847 1911 956 1954 sententia
969 1908 1037 1961 sedit,
1051 1907 1117 1969 quod

68 1981 121 2042 quis
132 1995 222 2026 mecum
235 1985 358 2045 conjiciat,
370 1995 429 2030 esset
443 1985 547 2028 ornatius
567 1983 640 2040 forte,
657 1999 726 2046 quam
740 1980 805 2027 locus
821 1981 880 2036 fert,
894 1981 941 2026 vim
958 1989 1035 2024 autem
1051 1977 1115 2023 illam

66 2063 116 2094 uon
131 2049 236 2096 haberet.
246 2077 277 2087 ·-
290 2053 341 2098 552.
349 2051 442 2114 serebat
455 2069 467 2098 a
482 2069 513 2096 m.
526 2068 572 2098 sec.
589 2052 675 2098 Medic.
689 2065 713 2098 et
724 2050 793 2096 Goth.
804 2066 890 2096 sec-
901 2047 952 2104 554.
967 2048 1011 2092 Hic
1023 2048 1113 2109 llngen.

67 2119 122 2163 Huc
132 2136 143 2164 a
153 2137 190 2182 pr.
201 2137 232 2166 m.
245 2122 310 2167 llam.
323 2139 358 2184 pr.
367 2131 460 2187 quotam
469 2121 536 2168 Leia,
546 2131 635 2186 protam
645 2123 721 2184 Sprot.
731 2146 762 2155 -
773 2121 825 2181 557.
838 2117 894 2164 hauc
903 2117 968 2163 abest
977 2115 1074 2162 Dorrill.
1083 2142 1115 2151 -

66 2190 120 2250 559.
134 2190 219 2236 hostem
230 2193 325 2256 supplex
337 2194 406 2240 Gotb.
419 2209 465 2240 sec.
475 2219 507 2228 -
518 2194 570 2240 560.
582 2195 604 2239 d.
619 2209 639 2240 c.
652 2196 721 2240 armis
732 2209 778 2238 sec.
790 2190 898 2238 Rottend.
909 2215 940 2225 -
950 2189 1002 2235 561.
1017 2187 1115 2234 abducto

67 2261 166 2307 Oudart.
183 2273 312 2310 contentum
324 2283 360 2329 pr.
373 2267 466 2328 Meuag.
487 2278 539 2313 tert.
559 2265 656 2312 Mentel.
678 2269 729 2311 Par.
744 2291 776 2300 -
790 2262 843 2310 562.
862 2277 955 2308 sonuere
973 2275 1036 2306 attrae
1050 2263 1112 2323 conj.

67 2334 146 2378 Burm.
160 2335 207 2394 Qui
225 2339 288 2382 enim
302 2339 383 2394 undar,
397 2340 488 2401 inquit,
504 2340 614 2384 sonuere?
631 2338 725 2385 Scilicet
740 2339 840 2401 graviter
854 2347 982 2381 commotus
996 2350 1035 2378 aer
1047 2349 1114 2395 aqua

67 2404 215 2464 superficiem
226 2406 338 2470 impellit,
351 2421 374 2455 et
385 2409 454 2454 undat
465 2409 584 2456 fremitum
596 2422 686 2466 movet,
698 2409 771 2472 quid?
781 2407 846 2471 quod
856 2405 998 2452 transvolans
1008 2401 1113 2465 jaculum

65 2475 160 2520 sibilum
173 2476 211 2524 vel
223 2481 343 2541 strepitum
355 2481 410 2528 facit
422 2484 446 2527 in
456 2498 525 2538 aere,
539 2498 609 2546 quem
621 2485 665 2545 ipsi
675 2484 737 2528 amni
746 2482 849 2528 tribuere
861 2481 945 2542 potuit.
953 2503 983 2514 -
995 2475 1047 2534 564.
1057 2493 1114 2540 pro-

65 2549 118 2608 pius
129 2563 211 2612 ’ΨΜ
221 2549 312 2614 aliquot
320 2555 397 2600 Burm.
404 2557 455 2617 jam
469 2555 549 2601 aberat
557 2554 643 2600 Medic.
656 2567 679 2601 et
689 2554 758 2600 Goth.
770 2570 807 2617 pr.

67 2713 126 2765 quse
146 2697 235 2750 subito
255 2701 372 2753 animum
391 2703 517 2754 subierat.
534 2733 567 2742 -
613 2704 669 2773 ipse
691 2701 781 2756 liberis
802 2702 924 2754 manibus
943 2708 1110 2750 transnatare

67 2775 126 2828 553.
150 2778 240 2830 robore
263 2791 354 2846 cocto,
378 2783 433 2852 igni
451 2781 566 2846 durato,
611 2784 711 2852 possit3
728 2781 866 2852 famulam
883 2781 948 2832 dixit
971 2793 1111 2827 consecra—

66 2872 191 2926 praeusto.
201 2889 235 2900 -
246 2857 305 2925 554.
319 2858 411 2910 Telum
422 2860 565 2911 immone...
611 2875 684 2913 tam:
701 2864 764 2931 quia
778 2861 891 2912 ministri
904 2858 1014 2910 deorum
1028 2850 1111 2920 irrupi-

66 2937 154 3004 Hut'c5
166 2951 232 2990 nota
242 2951 379 2990 structurae
389 2938 458 2990 hano
473 2941 566 2990 immu-
611 2962 667 3001 ret,
685 2942 773 3007 δοῦλοι,
788 2941 839 2992 diis
855 2959 883 2991 se
900 2945 1065 2989 consecrant.
1076 2961 1110 2970 -

68 3020 209 3084 tationem,
231 3037 288 3090 quaa
300 3019 342 3068 vel
355 3019 389 3069 ob
402 3019 566 3090 negligentia
613 3020 672 3073 560.
682 3021 846 3072 dubiisauris
853 3058 861 3084 ,
871 3038 920 3089 per
930 3033 995 3086 quas
1006 3018 1064 3084 ipsa
1073 3015 1111 3062 in-

68 3101 184 3169 speciem
194 3100 326 3152 suavitate
338 3117 392 3149 non
405 3111 485 3150 caret.
496 3097 569 3149 clau-
612 3102 671 3151 fans
692 3099 775 3152 dubia
792 3100 876 3151 salute
895 3100 988 3148 fertur.
1001 3123 1035 3132 -
1049 3091 1107 3144 562,

66 3198 133 3243 sam,
141 3180 290 3232 involutam
295 3181 403 3232 cortice.
410 3179 517 3232 Suberis
522 3197 568 3230 co·
611 3196 720 3231 sonuere
731 3182 806 3229 undae
812 3201 820 3238 ,·
830 3177 857 3228 h.
869 3195 915 3227 aer
925 3191 1005 3244 super
1015 3171 1107 3236 undis,

67 3261 138 3329 piam
152 3261 179 3311 in
190 3262 307 3312 Priverni
317 3261 387 3332 agris
397 3259 568 3311 nasciobsen
613 3259 692 3310 sibilo
702 3277 750 3328 per
761 3259 866 3309 hastam
876 3257 1013 3324 trajectum
1026 3252 1107 3302 facto.

66 3342 137 3390 ravit
161 3339 284 3410 Sponius.
315 3338 448 3404 babilam,
474 3341 512 3391 ita
538 3352 568 3390 ut
612 3338 683 3390 conf.
696 3338 757 3389 Var.
770 3338 841 3389 Lect.
854 3335 895 3388 Sic
908 3336 954 3385 inf.
969 3351 1029 3384 cum
1041 3331 1108 3402 Opis

66 3419 176 3484 haberi,
190 3422 314 3484 tractari,
327 3437 376 3492 pro
383 3419 474 3489 jaculo
485 3421 568 3472 emitti
611 3436 660 3488 per
673 3435 761 3470 aerem
770 3435 831 3467 cum
844 3417 945 3484 impetu
953 3409 1105 3472 descendit,

65 3498 112 3550 illa
122 3517 184 3548 cum
194 3498 270 3550 hasta
280 3512 384 3569 posset3
395 3498 514 3567 ἀραρυῖαν.
526 3498 568 3550 Sic
612 3511 685 3549 moto
695 3500 724 3550 in
734 3515 794 3549 aere
808 3495 911 3561 sonitu,
923 3496 981 3564 ipsa
994 3489 1051 3542 culi
1064 3491 1108 3545 de-

66 3579 125 3628 AEn.
138 3578 216 3641 1,318
225 3576 436 3630 babilemarcum
443 3578 566 3644 vidimus,
614 3577 685 3650 lapsa
695 3597 744 3648 per
755 3595 833 3628 auras
846 3575 971 3628 Intonuit
979 3575 1031 3639 Xl,
1048 3571 1107 3641 595.

64 3675 153 3710 ensem
166 3658 217 3724 lX,
231 3657 297 3720 305;
308 3657 413 3730 galeam
425 3658 490 3710 ibid.
504 3657 565 3710 365.
613 3659 672 3726 596.
681 3662 791 3710 Hastam
800 3669 886 3708 autem
897 3657 935 3707 sic
943 3656 1049 3705 missam
1058 3671 1110 3722 pu·

65 3738 104 3790 Ite
114 3738 224 3809 alligata
233 3757 315 3809 porro
328 3738 417 3809 puella
429 3740 565 3810 ingeniose
612 3753 655 3805 ta,
675 3753 705 3791 ut
725 3738 800 3790 alteri
815 3738 887 3789 litori
906 3755 938 3787 ea
949 3734 1109 3805 infigeretur.

65 3835 89 3867 v.
103 3815 163 3870 558.
610 3817 710 3869 -563.
724 3815 844 3886 Infelim
857 3816 899 3868 vel
911 3826 1034 3885 respectu
1045 3831 1111 3883 pras-

113 3896 174 3965 559.
198 3908 244 3948 tua
267 3895 319 3948 tela
341 3907 428 3947 tenens
447 3893 564 3965 supplex.
610 3898 692 3948 sentis
702 3896 817 3947 Camillae
830 3894 947 3962 fati,vel
961 3892 1033 3964 quod
1040 3895 1109 3962 jam,

65 3979 149 4030 Hasta
177 3989 266 4029 autem
295 3975 424 4046 illigatum
458 3974 564 4046 pondus
610 3976 759 4042 illaaetate,
777 3977 950 4028 tantumvitae
968 3973 1109 4024 discrimen

64 4057 92 4110 iu
113 4057 227 4109 alteram
243 4057 329 4126 ripam
349 4056 516 4119 transmittit,
538 4068 567 4106 ut
612 4055 705 4108 adiret.
