2690 4596
488 324 711 390 CARMEN.
1060 338 1124 424 449

76 458 295 544 craterasque
307 449 413 542 replet
425 471 432 513 :
446 473 535 534 nunc
546 449 622 532 hac,
637 473 726 516 nunc
738 450 883 520 volvitur
893 453 967 530 illac
1051 519 1056 538 ,

76 564 192 630 Turba
204 553 377 652 frequens3
389 558 497 624 varios
508 558 715 646 miscentque
728 580 788 646 per
799 560 880 624 atria
892 549 1011 632 motus.
1083 579 1128 628 500

123 674 166 736 At
176 691 317 759 puerum
329 682 426 756 pater,
435 665 580 730 immotis
592 663 761 752 spectabat
774 665 883 730 lulum

78 776 291 856 Luminibus,
305 770 625 850 vultumadmirans‚
639 795 816 861 moresque
829 775 979 858 Latinus,

77 888 121 950 Et
133 885 274 974 graviter
285 879 405 970 puerili
418 901 458 942 ex
469 901 526 943 ore
540 876 695 952 cadentia
703 878 817 959 verba,

77 995 316 1078 Maturumque
328 987 478 1051 animum
489 1001 565 1062 ante
577 1007 682 1050 annos
694 1008 701 1048 :
716 1003 749 1050 et
757 986 864 1062 ,multa
875 987 1012 1076 rogabat

78 1097 255 1163 Permistas
268 1093 416 1158 referens
429 1113 527 1158 voces
540 1113 548 1152 z
562 1087 685 1164 dehinc
696 1091 925 1180 oscula-figens
1018 1143 1020 1146 -
1083 1111 1130 1164 505

79 1203 213 1282 Dulcia,
227 1198 438 1287 complexum
450 1196 602 1266 manibus
610 1196 832 1290 junctumque
845 1199 996 1267 fovebat:

80 1313 124 1374 Et
136 1309 275 1372 nimium
288 1305 453 1369 exsultans
466 1301 611 1382 felicem,
626 1319 659 1367 et
671 1325 810 1369 munere
822 1304 945 1370 Divum
969 1321 972 1326 '

79 1419 250 1482 Donatum
262 1415 386 1484 AEnean
399 1432 460 1497 pro
473 1409 528 1475 tali
541 1408 635 1497 prole
648 1408 785 1476 ferebat.

127 1524 305 1608 Postquam
318 1515 424 1604 epulis
437 1536 626 1603 compressa
638 1517 756 1598 fames,
770 1515 943 1584 traducere
955 1517 1090 1607 longam

81 1627 251 1717 incipiunt
261 1622 377 1703 fando,
392 1639 425 1690 ct
436 1620 605 1686 labentem
616 1621 731 1686 fallere
744 1638 895 1688 noctem:
1052 1687 1055 1692 ,
1088 1641 1133 1688 510

118 1834 177 1887 501.
189 1832 225 1884 At
234 1848 349 1902 puerum
358 1840 453 1901 pater,
467 1841 516 1882 etc.
531 1827 562 1880 ld
575 1840 604 1880 et
614 1827 685 1880 Dido
698 1830 725 1879 in
739 1828 888 1900 Cupidine,
902 1847 983 1900 quem
997 1831 1047 1884 sub
1059 1851 1135 1886 men.

81 1918 132 1968 tita
143 1912 252 1964 Ascanii
264 1911 351 1960 forma
360 1909 462 1981 premio
471 1907 564 1978 fovet,
578 1907 664 1958 inscia
673 1908 789 1959 insideat
803 1922 920 1978 quantus
933 1911 1034 1961 miserae
1044 1911 1133 1964 Deusl

82 1994 186 2050 AEneid.
201 1987 229 2059 1',
243 1989 301 2057 7232
313 1989 398 2060 Magis
412 2001 501 2040 autern
511 2003 628 2059 congrue
642 1986 740 2039 dicitur
754 1987 861 2039 Latinus
875 2005 957 2039 mores
969 1990 1093 2056 miratus,
1107 2003 1136 2044 et

81 2069 255 2148 prud-getiam
267 2088 348 2141 quam
357 2069 460 2126 vultum
471 2089 484 2122 ε,
493 2067 541 2120 sed
552 2067 642 2119 vultus
653 2069 733 2120 etiam
743 2060 915 2120 animiindex
927 2081 966 2120 est
974 2083 1022 2135 ,vet
1030 2070 1137 2125 vultum

83 2141 219 2206 decentem
236 2151 263 2200 in
278 2166 362 2218 puero
379 2147 471 2198 mirari
487 2147 584 2217 potuit.
594 2147 626 2196 A.
637 2175 672 2184 -
687 2146 747 2198 503.
764 2147 801 2196 Et
809 2147 926 2218 praviter
934 2148 1037 2218 puerili
1049 2169 1080 2202 ex
1092 2169 1137 2202 ore

82 2233 206 2286 cadentia
224 2229 308 2282 verba.
329 2226 360 2280 ld
371 2229 447 2282 'enim
464 2226 616 2280 mirandum
634 2235 729 2277 :nam
741 2225 886 2278 verborum
904 2229 1022 2298 gravitas
1038 2229 1139 2300 puerili

82 2313 156 2365 aetati
167 2330 223 2362 non
237 2309 368 2380 congruit.
382 2307 460 2359 Unde
470 2308 574 2359 Persius
587 2308 687 2358 ironice
702 2305 736 2358 ad
750 2308 888 2373 Juvenem,
899 2309 952 2360 Sat.
965 2311 1017 2378 lV,
1030 2329 1055 2362 v.
1066 2311 1100 2378 4

191 2425 295 2476 Scilicet
308 2425 460 2496 ingenium,
473 2433 601 2498 'etrernrn
610 2421 756 2496 ‘prudentia
767 2409 862 2489 velox,
873 2485 876 2496 Ι

190 2505 260 2556 Ante
272 2505 342 2575 pilos
354 2507 441 2567 venit;
456 2501 574 2556 dicenda
585 2541 591 2571 ,
603 2499 772 2575 tacendaque
785 2503 882 2556 calles!
938 2513 947 2530 ¹

85 2626 148 2678 Plus
160 2636 289 2694 praeterea
298 2615 451 2674 mirandum
463 2597 536 2688 erat„
550 2620 634 2674 verba
643 2609 761 2695 praeiter
771 2621 906 2690 cadentia,
920 2641 1000 2694 quam
1013 2626 1036 2675 ai
1043 2627 1139 2696 previa

84 2706 202 2758 dixisset.
216 2705 284 2754 Nam
298 2702 377 2754 facile
387 2714 476 2772 potest
486 2701 528 2753 vel
540 2701 703 2772 imprudenti
717 2702 839 2754 excidere
851 2705 938 2774 gravis
949 2721 1050 2768 sermo,
1062 2705 1141 2757 dum·

85 2785 168 2838 modo
182 2801 213 2834 ex
223 2781 331 2833 alterius
342 2800 388 2833 ore
400 2780 542 2853 loquatur:
557 2785 584 2833 at
597 2782 706 2834 difficile
719 2795 758 2833 est
771 2801 829 2838 eum
838 2783 955 2854 praviter
962 2784 1046 2854 loqui.
1057 2787 1140 2853 Quod

85 2876 177 2918 autem
190 2861 254 2912 dicit
267 2859 390 2910 cadentia
399 2860 498 2925 verba,
512 2861 592 2910 etiam
604 2862 720 2932 graviter
732 2859 848 2932 proferri
860 2872 973 2930 possunt
985 2865 1062 2931 pueri
1073 2887 1079 2915 :
1091 2864 1141 2917 sed

85 2942 274 2998 difficillimum
282 2951 322 2991 est
331 2939 395 2990 dum
406 2959 437 2991 ea
447 2940 591 3004 cadunt,id
600 2954 649 3004 est,
656 2939 719 2990 dum
728 2941 936 3010 praecipitanter,
945 2955 990 2991 aut
999 2941 1140 2996 inmorem

85 3021 213 3076 torrentis
226 3020 311 3071 lluunt
321 3057 328 3082 ,
337 3019 454 3092 praviter
466 3020 564 3072 efferri.
577 3019 608 3070 A.
619 3050 654 3059 —
665 3019 724 3088 504.
738 3021 873 3070 Moturum
886 3019 1007 3071 animam
1019 3034 1080 3073 ante
1091 3043 1141 3076 an·

87 3123 172 3157 non...
187 3101 237 3166 At,
256 3101 380 3170 inquies,
398 3100 535 3171 quomodo
553 3115 687 3151 maturum
708 3101 817 3172 agnovit
834 3102 972 3151 animum?
993 3121 1088 3173 nempe
1108 3123 1141 3160 ex

87 3184 155 3254 ipsis
168 3181 225 3252 quae
238 3181 354 3252 graviter
366 3179 434 3232 adeo
447 3179 597 3246 cadebant,
610 3180 707 3231 verbis.
724 3183 763 3230 lta
773 3181 899 3250 Virgilius
912 3181 938 3230 in
956 3180 1001 3230 lib.
1013 3183 1062 3246 IX,
1080 3185 1139 3237 AEn.

88 3267 130 3326 V,
143 3261 191 3312 311
204 3279 210 3309 t
224 3256 300 3310 Iulus
308 3269 370 3309 ante
379 3258 648 3330 annosanimnmqne
656 3277 747 3331 petens
758 3276 901 3329 curamque
912 3257 1023 3308 viritem.
1034 3290 1065 3299 -
1078 3261 1139 3316 508.

89 3342 228 3394 Donatum
243 3339 358 3391 AEneam
368 3337 420 3410 pro
435 3337 488 3390 tali
498 3337 572 3410 prole
584 3338 698 3412 serebat¹⁴
711 3340 781 3406 Quia
793 3341 821 3388 in
838 3357 870 3390 eo
885 3339 1032 3408 praesertim
1045 3343 1142 3395 emicat

89 3417 232 3490 singularis
244 3419 362 3470 Deorum
374 3415 541 3491 henignites',
553 3429 582 3469 ut
594 3417 689 3490 dignos
700 3425 862 3491 separentes
875 3416 973 3486 liberos
984 3434 1140 3488 procreem

89 3496 135 3550 hic
148 3513 279 3547 summum
288 3499 387 3568 quippe
398 3498 552 3560 felicitatis}
564 3491 635 3549 'unde
643 3495 760 3572 Helenus
771 3496 805 3568 ad
818 3495 976 3558 Anchisem
990 3497 1026 3547 lll
1035 3499 1139 3552 AEneid.

91 3578 158 3644 48οι
173 3599 184 3624 a
194 3576 272 3642 vade,
281 3579 327 3644 ait,
336 3597 355 3628 o
361 3577 489 3632 felicitati
496 3579 607 3649 pietate.
618 3587 675 3625 ιν-
686 3578 718 3628 E't
729 3580 826 3630 AEnee's
839 3577 874 3630 ad
886 3577 1036 3644 Didonem,
1049 3583 1068 3633 1.
1080 3583 1140 3634 AEn.

91 3660 162 3712 610:
178 3657 255 3729 :Qui
266 3660 333 3710 tanti
346 3659 463 3714 tetalern
474 3677 590 3732 genuere
600 3672 756 3731 parentes.»
1016 3650 1018 3655 ⁴

129 3737 190 3807 ⁵⁰9·
200 3738 343 3810 Postquam
352 3735 437 3810 epulis
448 3757 589 3811 compressa
596 3738 694 3809 fames.
705 3731 831 3811 Virgilius
843 3740 864 3789 Ι,
875 3737 978 3792 AEneid.
989 3757 1057 3793 ano:
1069 3743 1143 3796 Post·

91 3837 175 3894 quam
190 3830 310 3890 epempta
322 3818 411 3890 fames
428 3818 521 3891 epulis.
539 3849 574 3862 -
588 3819 647 3875 510.
667 3820 808 3891 Incipiunt
816 3819 905 3890 fando
923 3831 1023 3872 noctnn
1032 3821 1142 3892 fallere.

92 3900 186 3951 Active
198 3902 311 3962 sumitur
319 3899 364 3952 hic
370 3898 459 3970 fando
466 3938 475 3965 ,
487 3900 535 3952 sed
543 3902 659 3972 passive,
672 3902 699 3955 in
709 3903 732 3954 ll
744 3899 848 3952 AEneid.
858 3901 891 3953 6:
908 3901 971 3970 Quis
983 3899 1048 3952 talia
1053 3903 1144 3972 fando

95 3990 246 4050 tempereta
258 3979 399 4050 lacrymis?
413 3981 520 4034 Scilicet
531 3981 590 4052 quis
602 3980 743 4036 Graiorum
756 3981 827 4033 mele
843 3993 935 4034 nostra
951 3985 1008 4034 sine
1020 3983 1143 4055 lacrymis

96 4057 288 4126 audiat,·dum
304 4053 464 4117 narrantur:
477 4074 568 4131 tenta,
588 4075 642 4116 tem
654 4061 777 4119 inaudite
793 4064 870 4118 sunt!
890 4060 1076 4115 adeorenimns
1087 4081 1146 4117 me·
1164 4122 1167 4129 ,

170 4147 195 4214 t·
395 4170 397 4175 ·
930 4167 963 4220 29
