2690 4596
195 257 258 340 418
521 242 733 310 uerunt
756 239 904 305 vesu

192 381 403 468 Obstupuere
415 351 545 450 omnes,
559 367 786 457 gemitumque
799 362 922 429 dedere
934 363 1058 444 Latini,

193 491 235 554 Et
247 485 369 550 durum
381 503 421 546 ex
432 479 498 543 alto
511 489 719 540 revomentes
732 470 833 536 eorde
845 467 1011 549 dolorem,

193 589 368 658 Concussis
380 583 531 652 cecidere
543 579 661 645 animis
673 602 680 641 :
693 599 755 642 ceu
768 574 942 640 frondibus
954 577 1072 662 ingens

192 700 279 766 Silva
291 695 382 760 dolet
394 691 493 780 lapsis
506 685 634 754 Boreali
647 684 786 772 impulsa
798 682 953 746 tumultu.

192 807 281 870 Tum
293 800 358 866 tela
370 796 512 886 infigunt
525 799 635 870 terr'ae,
649 806 682 854 et
693 787 908 854 mucronibus
919 785 1066 850 haerent:

191 912 356 998 Scuteque
369 904 544 992 deponunt
554 897 716 976 humeris,
731 912 764 960 et
776 894 887 983 praelia
900 891 1073 972 damnant,
1156 957 1160 961 ,

193 1018 417 1101 Insanumque
429 1009 567 1072 horrent
580 1003 682 1092 optati
695 1002 809 1065 Martis
821 1021 987 1064 amorem:

192 1127 262 1188 Nec
273 1123 421 1196 frenum,
435 1137 496 1180 nec
508 1111 593 1178 eolla
604 1110 672 1198 pati
684 1107 812 1196 captiva
824 1121 990 1183 recusant,

192 1231 234 1294 Et
245 1228 375 1292 veniam
388 1243 496 1298 orare,
511 1234 544 1282 et
556 1216 721 1305 requiem,
735 1212 904 1301 finemque
916 1210 1092 1274 malorum.

190 1337 281 1402 Sicut
291 1330 409 1398 acerba
421 1325 488 1391 duo
501 1321 637 1414 quando
649 1322 683 1384 in
696 1318 875 1384 certamina
886 1315 972 1380 tauri

193 1445 417 1514 Concurrunt,
431 1433 522 1519 largo
534 1430 712 1493 miscentes
724 1419 883 1511 sanguine
894 1444 1056 1516 pugnam,

193 1548 322 1635 Cuique
334 1561 432 1606 suum
444 1557 545 1624 pecus
558 1533 712 1597 inclinat:
726 1531 777 1596 sin
790 1530 924 1594 cesserit
936 1529 995 1592 uni

189 1653 301 1720 Palma
313 1636 404 1724 duci,
417 1665 495 1708 mox
504 1661 579 1730 quae
591 1640 678 1703 victo
691 1645 816 1724 pecora:
824 1643 900 1700 ¹ante
909 1633 1071 1698 ¹favebant

190 1761 287 1825 Nunc
300 1775 371 1820 sese
384 1748 525 1837 imperio
537 1741 687 1810 subdunt
697 1743 846 1821 victoris3
861 1757 893 1805 et
905 1739 1007 1818 ultro,
1094 1765 1096 1772 ·

191 1867 401 1951 Quamquam
413 1855 561 1920 animum
574 1849 671 1914 dolor
683 1849 768 1912 altus
779 1846 893 1927 babet,
907 1867 1023 1934 parere
1036 1842 1206 1928 fatentur:

191 1975 268 2038 Non
280 1969 374 2034 aliter
386 1959 515 2040 Rutuli,
529 1958 607 2024 licet
619 1956 735 2054 ingens
747 1976 871 2018 moeror
882 1951 1035 2016 adhausit

191 2139 321 2210 potuisset
323 2131 422 2204 jacenti
429 2121 647 2201 ignoscere-fd.
657 2121 791 2175 Gemitum
801 2119 892 2172 dedere
898 2142 907 2181 ;
915 2122 970 2189 jam
980 2117 1244 2190 dixitVirgiliusAEn.

191 2221 256 2283 xtt,
268 2216 338 2285 928:
356 2215 519 2280 Consurpunt
532 2205 634 2278 pemitu
650 2201 762 2254 nauti.-
781 2219 862 2272 quare
879 2219 950 2252 nunc
970 2215 1058 2250 omnes
1075 2198 1244 2268 obstupuere?

192 2316 227 2348 tm
239 2291 338 2365 gaudio
348 2289 460 2351 Teucri,
473 2285 547 2336 luctu
560 2283 669 2336 [latinii
683 2279 717 2332 an
729 2294 816 2332 omnes
829 2273 1098 2330 admirationei-S.
1113 2291 1245 2326 revomen-

171 2409 178 2418 ι
190 2385 226 2426 tes
242 2363 550 2434 dolorem.⁶Metapborae
564 2360 689 2432 putidum
700 2363 799 2432 genus!
821 2360 897 2430 quati
910 2358 988 2410 dolor
1004 2367 1198 2426 exspueretur,
1214 2365 1243 2404 ut

191 2451 253 2507 salsi
261 2449 376 2523 fluctus,
393 2463 461 2516 quos
473 2453 654 2498 revomentem
667 2442 696 2492 in
707 2441 766 2492 AEn.
780 2439 827 2492 lib.
840 2440 966 2505 V,·182,
980 2437 1123 2490 Menoeten·
1133 2435 1244 2504 Trojani

190 2535 288 2586 risere!
299 2561 334 2570 -
344 2529 368 2582 6.
385 2529 440 2586 (leo¹
450 2522 592 2596 frondibus
607 2522 700 2594 §.opens
717 2519 784 2584 silva
796 2534 862 2583 eto.;
880 2523 923 2578 ,rix
935 2519 1086 2591 intelligas,
1104 2517 1242 2588 quomodo
1326 2587 1327 2590 Ἴ

191 2613 259 2664 silva
272 2607 373 2674 doleat,
388 2609 410 2660 si
423 2602 531 2676 quando
542 2599 653 2652 frondes
665 2600 746 2672 lapsae
758 2601 874 2668 fuerint,
889 2613 916 2664 et
936 2597 1072 2671 quomodo
1089 2597 1163 2648 silvoe
1178 2595 1245 2650 folia

192 2691 295 2744 caduca
307 2689 411 2759 possint
427 2683 552 2737 exhibere
568 2680 728 2733 Rutulorum
746 2681 848 2731 animos
866 2681 949 2731 Turni
965 2681 1060 2731 funere
1080 2693 1242 2728 concussos:
1326 2697 1327 2708 π

192 2770 257 2842 quid
275 2771 297 2821 si
314 2763 431 2820 Borealis
448 2761 575 2815 tumultus
593 2771 783 2832 representare
796 2760 861 2811 velit
879 2759 1002 2810 victorem
1019 2755 1244 2828 mapnanimum?

189 2849 247 2902 haec
264 2859 409 2901 esttamen
428 2843 475 2895 illa
493 2843 677 2912 comparatio,
696 2857 776 2910 quam
797 2838 914 2910 Scaliger
931 2837 1075 2908 optimam,
1091 2846 1119 2885 et
1130 2833 1244 2904 sortasse

190 2927 325 2980 meliorem
341 2926 442 2977 Lucani
461 2934 488 2974 et
506 2920 582 2972 Statii
599 2918 846 2990 comparationibus
863 2917 983 2986 judicat,
1004 2914 1126 2984 quamvis
1142 2915 1171 2962 in
1190 2911 1242 2962 hoc

191 3026 288 3080 genere
300 3004 388 3057 nullus
406 3014 487 3074 poeta
500 3002 533 3050 sit
549 2998 633 3050 Statio
651 2999 791 3069 superior:
810 3015 863 3067 quo
877 2995 985 3066 quidem
1001 2995 1095 3062 iniquo
1114 2991 1243 3062 scaligeri

187 3089 292 3158 judicio
302 3086 415 3137 multum
426 3081 593 3144 infirmantur
605 3092 715 3145 caetera,
733 3077 830 3148 quibus
844 3075 936 3130 laudat
949 3073 1100 3145 Mapbaeum
1113 3073 1242 3144 Vegium,

193 3187 272 3239 quem
283 3167 383 3217 fatetur
400 3181 415 3214 a
427 3162 480 3212 suis
492 3158 701 3232 praeceptoribus
712 3157 872 3208 doctissimis
885 3167 1083 3226 contemptum:
1095 3151 1164 3221 (vid.
1180 3153 1245 3202 Poe-

191 3249 256 3299 tices
269 3245 315 3296 lib.
336 3244 385 3304 Vl;
404 3259 462 3312 cap.
481 3239 506 3305 4.
524 3253 585 3311 pag.
605 3237 681 3308 725.)
694 3265 727 3278 -
744 3233 999 3306 112Nec'srenum‚
1018 3251 1065 3283 nec
1081 3229 1160 3282 colla.
1175 3231 1243 3302 Lege

191 3329 297 3397 potius:
311 3341 358 3376 nec
368 3321 481 3392 frenum
497 3336 569 3370 nunc
583 3317 691 3371 cotta...
700 3319 739 3370 ita
753 3330 799 3382 ut,
812 3333 905 3368 eorum
919 3315 993 3367 colla
1005 3314 1115 3384 ¹cuptivu
1130 3329 1187 3363 non
1203 3331 1245 3363 re·

191 3416 284 3456 cusent
296 3404 353 3472 pati
365 3418 436 3452 nunc
450 3401 572 3450 frenum:
587 3399 633 3468 qui
645 3415 737 3449 sensus
749 3394 897 3447 concordat
909 3413 969 3446 cum
983 3391 1207 3446 antecedentibus
1220 3402 1245 3442 et

190 3499 266 3551 seqq.
277 3480 351 3534 Bella
361 3498 418 3550 quae
428 3495 514 3549 nuper
526 3478 670 3547 optabant,
680 3493 752 3528 nunc
764 3477 860 3528 insana
868 3474 996 3538 liorrent,
1012 3483 1091 3523 orant
1100 3471 1211 3522 ueniam
1219 3482 1244 3521 et

192 3560 323 3612 malorum
335 3559 423 3614 finem.
433 3588 468 3598 -
480 3558 521 3612 13.
531 3557 607 3610 Sicttt
616 3558 709 3608 acerba
721 3556 789 3616 duo,
802 3568 852 3608 etc.
865 3557 908 3607 Bis
922 3557 953 3606 in
962 3552 1075 3624 Virgilio
1084 3550 1158 3603 hanc
1168 3569 1233 3622 repe

190 3643 243 3696 rias
256 3638 538 3711 -imaginemsividiori
553 3638 613 3691 luce
625 3639 777 3709 perfusam,
792 3637 889 3710 (ἴσως,
906 3637 955 3689 lib.
971 3637 1023 3703 lll,
1042 3651 1111 3686 vers.
1132 3651 1204 3700 ano,
1220 3644 1245 3683 et

188 3720 315 3776 AEneidos
327 3720 373 3792 lib.
386 3721 451 3785 Xll,
467 3739 491 3772 v.
501 3717 554 3788 '715
562 3719 824 3790 31personas,‘verba
835 3731 863 3770 et
874 3735 947 3782 rem,
962 3717 1070 3780 omnia,
1087 3727 1189 3785 praeter
1203 3715 1244 3766 in·

173 3839 176 3846 «
189 3805 312 3873 genium,
322 3800 429 3856 Maroni
440 3800 574 3869 subripuit
583 3799 729 3871 Maphaeuss
739 3826 774 3838 -·
785 3817 826 3868 ¹9:
835 3799 900 3851 Nom
910 3796 991 3850 aliter
1005 3798 1059 3866 etc.¹
1070 3795 1243 3846 Adllutnlos

189 3882 418 3952 comparutionem
431 3880 529 3943 refert,
543 3897 623 3948 quam
635 3882 733 3950 rectius
742 3881 818 3932 Maro
832 3878 866 3933 ad
877 3881 951 3950 ipsos
964 3878 1063 3940 duces,
1075 3875 1184 3928 AEneid.
1197 3873 1242 3926 lib.

186 3960 252 4028 ΧΠ,
265 3963 328 4032 quia
342 3960 411 4011 tauri
420 3962 504 4030 gregis
514 3958 638 4013 ductores
651 3961 684 4015 de
696 3964 810 4034 imperio
822 3961 967 4028 dimicant,
981 3972 1011 4013 ut
1025 3959 1125 4022 AEueas
1137 3970 1166 4010 et
1174 3957 1241 4009 Tun
