2690 4596
208 318 477 390 EXCURSUS
501 327 516 387 I
539 327 602 390 AD
625 327 828 398 LIBRUM
849 336 937 404 XII.
1036 347 1103 437 387*

52 443 109 509 die,
122 445 238 516 quintus
249 448 271 498 is
285 460 325 499 est
335 445 403 517 (XI,
420 447 467 518 1),
479 449 574 501 AEneas
592 464 720 521 tropaeum
737 457 842 522 statuit,
861 460 986 518 Pallantis
1005 487 1103 543 corpus

53 522 87 574 ad
99 537 210 596 patrem
220 525 373 578 Evandrum
387 529 513 593 remittit,
526 529 627 581 Latinis
639 531 761 586 inducias
772 537 800 588 in
811 538 861 589 XII
872 539 928 593 dies
940 545 986 598 dat
997 571 1003 599 2
1019 569 1033 602 e
1046 557 1106 624 qui-

51 601 102 654 bus
118 616 228 656 tantum
245 606 309 676 quid
324 607 409 660 altero
422 627 453 660 ac
465 610 543 661 tertio
560 609 720 663 die-lactum
735 617 785 680 sit,
798 636 961 674 memoratur
978 630 1025 682 182
1043 651 1104 707 sqq,

53 699 106 736 110
116 701 173 754 sq,
185 687 367 742 concrematio
377 686 537 740 cadaverum
546 700 572 740 et
580 689 676 741 luctus.
689 693 806 759 Interea,
820 701 906 770 pergit
917 716 998 772 poeta
1006 727 1030 760 v,
1043 729 1073 764 2,
1078 715 1093 766 5

50 763 172 826 Yenulus
187 783 203 816 a
215 764 344 818 Diomede
356 767 438 834 redit,
451 770 497 838 qui
511 769 608 820 auxilia
620 769 807 842 denegaverat.-
819 775 929 848 Cogitur
941 790 1082 844 concilium
1096 751 1105 780 l

52 840 79 890 in
97 859 153 911 quo
173 841 241 894 dum
258 844 378 897 Drances
398 837 547 898 ct'rurnus
567 847 743 915 altercantur,
763 871 825 904 ecce
841 855 961 910 adfertur
978 835 1102 922 nuntius⁹

52 919 165 971 AEneam
174 933 265 973 castra
272 924 385 975 movisse
396 937 421 976 et
431 924 557 981 adversus
566 928 727 980 Laurentum
737 934 880 985 exercitum
888 935 999 994 ducere:
1008 965 1032 996 v.
1042 910 1112 1016 445,

54 1000 128 1069 quod
144 1018 203 1052 non
224 1003 275 1052 nisi
296 1001 463 1054 induciarum
484 1018 604 1076 tempore
622 1007 728 1080 elapso,
741 1010 862 1083 adeoque
877 1015 920 1068 die
934 1019 994 1072 XIII
1004 997 1108 1080 factuui

54 1078 163 1132 credere
176 1081 250 1133 licet.
264 1080 342 1151 Capit
354 1081 459 1136 Turnus
471 1085 629 1140 insidiarum
640 1087 744 1156 locum,
756 1105 782 1142 et
795 1095 898 1163 equites
910 1098 937 1148 in
950 1118 1106 1174 camporum
1185 1108 1186 1118 ¹

52 1156 196 1228 planitiem
208 1161 352 1230 praemittit.
364 1160 417 1214 Sed
430 1163 537 1229 audito,
549 1183 643 1237 pugna,
652 1170 768 1238 equestri
785 1171 858 1223 facta
873 1173 980 1229 Latinos
997 1183 1107 1254 fugere,

54 1236 153 1288 relictis
169 1238 276 1290 insidiis
291 1239 326 1290 ad
339 1241 433 1294 urbem
447 1257 592 1314 properat;
606 1258 685 1316 atque
703 1246 748 1298 hic
766 1267 800 1300 11
818 1269 935 1320 pugnam
951 1275 1012 1308 cum
1023 1263 1107 1316 AEnea

53 1317 169 1383 iaceret,
182 1336 238 1370 nox
249 1321 375 1391 ingruens
392 1323 540 1376 intercedit.
553 1344 577 1376 v.
590 1343 629 1376 vs.
642 1325 689 1377 ult.
702 1329 760 1378 AEn.
778 1329 822 1380 XI.
840 1331 944 1385 Turnus
957 1338 1067 1393 AEneam
1078 1345 1107 1395 in

54 1395 169 1449 alterum
182 1398 255 1450 diem
268 1400 303 1451 ad
314 1400 445 1473 singulare
460 1415 594 1456 certarnen
605 1419 733 1474 provocat
742 1409 804 1473 XII,
818 1411 865 1480 76,
882 1413 969 1482 Quum
986 1419 1106 1489 primum

53 1478 167 1532 crastina
179 1478 246 1532 cerlo
258 1492 308 1534 etc.
321 1482 402 1534 Ortus
413 1482 469 1536 dies
481 1502 506 1535 1.
520 1487 579 1552 113,
586 1486 692 1538 Postera
702 1487 746 1538 vix
754 1506 866 1544 summos
875 1505 925 1544 etc.
934 1497 1024 1549 Prodit
1036 1502 1108 1553 Lati.

53 1573 102 1608 nus
114 1559 143 1610 in
157 1576 286 1629 campum
299 1573 360 1614 ante
372 1561 466 1614 urbem
479 1561 513 1614 ad
524 1563 612 1616 foedus
624 1565 788 1634 feriendum,
802 1586 855 1637 quo
869 1569 941 1642 leges
953 1581 1105 1631 certaminis

54 1637 220 1691 scribuntur.
234 1640 354 1693 Turbato
366 1641 481 1708 loedere,
492 1643 646 1696 vulneratur
654 1647 765 1714 AEneas,
778 1648 940 1704 instauratur
949 1674 1047 1730 pugna.
1060 1659 1114 1712 Sat-¹

52 1730 128 1769 uatus
143 1738 160 1772 a
171 1720 286 1772 vulnere
304 1721 414 1788 AEneas,
428 1725 538 1776 Veneris
555 1726 646 1778 matris
663 1728 828 1793 interventu,
845 1732 873 1782 in
891 1751 1008 1806 pugnam
1020 1739 1106 1800 redit,

52 1797 173 1852 Turnum
182 1820 239 1872 per
252 1801 358 1854 ordmes
376 1805 476 1855 frustra
495 1805 652 1874 insequitur.
669 1809 787 1878 Repente
802 1809 865 1862 hinc
878 1812 913 1863 ad
924 1819 1022 1868 moenia
1034 1818 1106 1871 Lau·

54 1889 157 1932 rentum
168 1893 279 1952 partem
290 1883 419 1934 exercitus
434 1880 579 1948 (11111554.
593 1883 713 1936 Tandem
728 1885 762 1937 ad
773 1887 867 1939 urbem
881 1893 1006 1945 tuendam
1020 1896 1105 1948 advo-

54 1954 92 2008 111
100 1952 231 2025 Turnus,
243 1973 269 2013 et
281 1979 342 2012 cum
353 1963 435 2014 AEnea
450 1979 605 2033 congressus
623 1963 762 2016 occiditur.
782 1967 848 2032 Qua
866 1972 957 2023 omnia
970 1972 1005 2024 ad
1020 1988 1106 2045 poetae

56 2049 171 2090 mentem
184 2038 284 2092 eodem
295 2036 339 2090 die
351 2039 410 2090 XIII
422 2051 497 2110 gesta
511 2056 568 2092 esse
580 2058 688 2092 necesse
700 2054 748 2094 est.

510 2207 651 2222 m

224 2325 227 2333 ’
278 2385 282 2397 2
343 2313 712 2408 EXCURSUS
748 2323 813 2409 ΙΙ.
848 2315 850 2320 ’

119 2499 175 2565 De
186 2497 323 2566 Iunonis
337 2499 532 2593 111οω114111
546 2505 726 2570 interventu
739 2508 775 2572 in
787 2500 937 2574 extrema
947 2529 1045 2596 parte
1108 2495 1115 2508 ’

500 2609 662 2676 AEncidrs.

93 2773 160 2834 XII,
177 2767 235 2834 134.
247 2766 507 2832 Arrunoesumnw,
520 2771 568 2840 qui
575 2787 647 2821 nnnc
656 2769 773 2822 Albanus
783 2770 950 2825 habeturete.
963 2789 1010 2843 791
1022 2779 1107 2832 June.

60 2871 120 2904 nem
134 2851 272 2901 interea...
283 2865 385 2919 puqnas
394 2848 426 2898 dr
437 2849 505 2899 nube
518 2857 645 2908 tuentem;
658 2848 755 2913 11841.
771 2849 820 2916 841
833 2849 938 2902 Adnuit
947 2851 988 2904 liis
1001 2855 1074 2909 June
1083 2873 1110 2916 et

59 2939 177 2982 mentem
190 2924 277 2976 tenea
288 2925 393 2977 rutenia
404 2927 508 2977 Interea
518 2927 617 2978 excedit
627 2925 691 2978 01110
700 2928 846 2999 nubemque
858 2927 991 3000 relinquit.
1003 2933 1038 2984 Ut
1046 2949 1109 3005 post

59 3009 119 3075 illa,
134 3023 195 3079 quae
207 3003 240 3056 de
253 3003 363 3056 deorum
372 3006 524 3056 ministeriis
534 3017 560 3058 et
568 3006 680 3057 lunonis
693 3004 761 3056 odiis
771 3007 891 3057 universe
901 3007 1038 3077 disputata
1046 3027 1110 3065 sunt

60 3087 196 3159 (Disquia.
210 3086 235 3150 l,
247 3104 269 3138 s.
280 3084 336 3135 Vll.
349 3085 456 3136 Excurs.
470 3085 496 3137 1·
511 3085 546 3137 ad
557 3087 648 3153 ΕΜ,
659 3086 810 3156 passimque
821 3087 848 3136 in
862 3085 954 3152 Notis,
966 3101 996 3138 nt
1009 3089 1044 3140 ad
1055 3093 1111 3159 IX,

62 3170 145 3240 801),
166 3187 200 3220 ea
214 3165 390 3232 illustrentur,
410 3183 468 3236 quae
484 3167 512 3217 iu
528 3165 555 3217 h.
573 3165 591 3216 l.
609 3178 802 3218 commentatus
819 3183 891 3231 sum,
903 3166 991 3236 placet
1002 3167 1047 3220 hic
1059 3171 1110 3222 sub

63 3266 149 3300 unum
170 3257 343 3318 conspectum
363 3242 514 3309 adducere,
534 3262 591 3315 qua
608 3245 733 3309 deorum,
745 3244 911 3313 lunonisque
923 3246 1068 3314 Inprimis,
1081 3251 1110 3301 in

62 3327 257 3398 posterioribus
270 3345 315 3379 sex
325 3326 401 3378 libris
412 3340 517 3397 partes,
530 3323 602 3397 quod
618 3325 794 3376 ministerium
808 3325 896 3375 fuerit.
909 3325 1057 3395 Apparebit
1068 3329 1112 3381 vel

64 3425 97 3458 ex
107 3406 164 3472 his,
177 3424 270 3458 verum
281 3423 338 3458 esse
351 3404 424 3476 quod
437 3405 577 3476 aliquoties
589 3405 694 3466 monui,
706 3401 757 3454 hac
769 3405 796 3454 in
808 3405 931 3454 carminis
943 3417 1019 3474 parte
1030 3407 1110 3480 longe

63 3488 219 3539 inferiorem
229 3503 285 3538 esse
295 3487 433 3538 Maronem
443 3487 573 3550 Homero,
587 3487 630 3535 cui
642 3483 753 3536 deorum
765 3485 927 3535 interventus
939 3503 993 3535 nnn
1005 3505 1054 3556 pro
1064 3487 1111 3561 fig·

63 3577 155 3618 mento
168 3575 196 3614 et
203 3564 323 3632 jucundo
335 3564 475 3618 mendacio
488 3578 562 3618 erat:
582 3564 629 3616 sed
647 3581 690 3615 res
707 3580 723 3614 a
738 3563 833 3633 priscis
845 3561 996 3616 hominibus
1009 3567 1110 3620 credita

65 3665 97 3697 ac
107 3642 221 3707 tradita,
232 3661 263 3694 ac
273 3657 391 3696 veterum
402 3657 506 3696 aetatum
517 3645 628 3715 ingeniis
639 3657 665 3695 et
673 3642 805 3695 mentibus
814 3645 853 3693 ita
860 3643 1041 3713 frequentata,
1051 3648 1109 3718 ipso

67 3723 197 3777 sermonis
209 3723 330 3794 ingenio,
342 3726 487 3776 carminum
502 3737 633 3796 perpetuo
646 3736 816 3795 argumento,
829 3726 1011 3776 narrationum
1024 3727 1058 3779 ad
1071 3746 1111 3779 so·

65 3803 143 3854 litum
160 3799 308 3872 exemplum
325 3803 504 3854 institutarum
525 3821 599 3855 more
620 3823 651 3854 ac
672 3801 877 3868 consuetudine,
899 3815 953 3854 tam
971 3796 1111 3856 familiaris

65 3881 150 3947 facta,
164 3892 195 3932 ut
206 3879 310 3947 videre,
322 3880 429 3948 audire,
446 3880 511 3932 deos
523 3881 574 3932 sibi
590 3880 743 3933 viderentur
759 3883 786 3932 iu
800 3880 894 3935 mediis
910 3880 989 3934 rebus
1002 3883 1112 3952 agendis

67 3974 211 4014 versantes.
221 3963 308 4027 luno,
319 3961 393 4032 cujus
407 3975 462 4015 arte
474 3975 500 4014 et
512 3961 623 4015 consilio
636 3962 726 4014 classis
738 3964 915 4032 Trojanorum
927 3980 941 4013 e
956 3961 1045 4012 Sicilia
1056 3965 1111 4014 Ita·

66 4038 127 4091 liam
139 4054 233 4111 petens
241 4043 357 4115 primum
367 4041 401 4096 ad
410 4042 506 4097 Africa
515 4042 594 4096 litora
605 4055 762 4115 tempestate
772 4041 875 4109 delata,
885 4040 943 4111 (lib.
956 4042 981 4108 l,
993 4039 1028 4106 34
1038 4040 1109 4114 sqq.)

925 4127 968 4182 25.
