2690 4596
232 331 295 414 462
376 329 434 393 DE
448 327 626 392 NATURA
641 325 837 392 AENElDOS
852 325 1129 409 DISQUlSITlO.

231 455 344 533 Vario,
359 452 452 542 quasi
467 473 584 542 parum
596 466 691 540 aptos
705 451 788 514 tanti
801 451 910 539 operis
923 451 1077 533 exordio,
1091 454 1195 520 fuisse
1208 455 1285 520 sub-
1337 441 1338 454 ἵ

230 564 327 643 lat0s;
342 562 447 626 factos
462 577 572 625 tamen
586 582 605 622 a
619 559 779 646 Virgilio:
800 581 868 622 non
884 557 1022 648 quidem
1036 577 1074 624 ut
1091 561 1283 642 exordium,
1337 555 1338 564 ¹

230 671 289 738 sed
300 688 337 735 ut
345 670 488 736 auctoris
499 669 705 757 signaculum
715 684 910 755 notamque,
924 669 1036 755 operis
1051 669 1192 735 editioni
1205 695 1286 762 prae·

230 776 411 864 figendam,
433 792 466 840 et
485 775 572 838 inter
591 771 800 838 recitandum
820 772 922 837 abeo
943 775 1106 862 supprimi
1127 777 1284 842 solitam:
1337 801 1338 828 ἢ

229 882 319 947 unde
344 906 448 971 quum
473 880 582 946 statim
606 878 773 943 ordiretur
795 879 837 942 ab
861 877 975 943 Arma
1000 883 1196 971 virumque,
1224 902 1283 949 etc.

229 1013 350 1078 poema
366 987 427 1054 sub
445 986 496 1051 his
512 985 677 1065 versibus,
698 1008 766 1050 non
784 985 847 1051 sub
860 985 946 1062 aliis,
964 987 1149 1054 innotuisse
1164 991 1285 1078 proha-

230 1095 298 1160 bile
314 1112 373 1160 est.

273 1201 392 1266 Nexur
408 1201 485 1264 totis
502 1194 680 1263 duodecim
698 1196 807 1278 libris,
826 1195 868 1262 ad
884 1219 992 1286 usque
1005 1197 1156 1264 duellum
1169 1203 1283 1266 AEncae

230 1331 307 1372 cum
321 1309 437 1371 Turno
452 1306 606 1394 pertinet.
622 1385 625 1390 ἱ

273 1411 396 1480 Solutio
409 1413 525 1500 incipit
539 1435 558 1475 a
572 1408 695 1476 duello.

273 1518 433 1604 Episodia
448 1533 541 1596 sunt,
554 1516 696 1581 lunonis
708 1515 884 1581 consilium
897 1513 941 1579 de
957 1514 1181 1580 subvertenda
1196 1519 1283 1581 Tro·
1337 1589 1338 1600 ,

224 1625 302 1714 jana
317 1626 433 1702 classe,
448 1626 557 1687 AEneae
572 1620 661 1710 apud
679 1620 845 1686 Didonem
860 1622 1021 1702 diversio,
1042 1645 1187 1702 amoreS,
1208 1647 1283 1687 nar·

228 1733 312 1795 ratio
331 1729 467 1819 Trojani
488 1726 648 1808 incendii,
672 1744 848 1817 ceteraque
871 1727 1051 1818 ejusmodi,
1076 1751 1152 1818 quae
1173 1746 1283 1818 partes

134 1901 140 1910 ,
230 1836 366 1928 quidem
385 1852 463 1902 sunt
481 1835 615 1915 lahulae,
636 1857 703 1898 non
724 1852 835 1899 autem
852 1836 1013 1899 actionis:
1034 1852 1178 1924 possunt
1194 1837 1284 1900 enirn

221 1945 269 2008 ab
284 1945 428 2023 actione,
445 1943 550 2032 qualis
562 1958 658 2006 antea
670 1939 761 2005 nude
773 1939 939 2029 descripta
955 1958 1019 2022 est,
1036 1943 1177 2006 omnino
1193 1965 1284 2031 sepa-

228 2051 307 2115 rari:
321 2074 340 2114 a
354 2049 479 2128 fabula,
493 2049 563 2113 sine
576 2049 667 2136 gravi
677 2047 751 2138 ejus
766 2048 1011 2127 immutatione,
1025 2071 1097 2128 non
1109 2066 1261 2137 possunt.

272 2159 390 2220 Moass
403 2155 528 2243 ubique
541 2153 733 2242 aequabiIeS,
750 2170 783 2217 et
794 2153 837 2218 ad
850 2155 1071 2240 imitationem
1085 2179 1126 2221 ac
1141 2155 1285 2221 delecta·

230 2262 355 2326 tionem
369 2259 539 2348 aptissimi.
562 2255 750 2323 smmum
764 2276 876 2324 autem
890 2276 924 2324 et
938 2279 1056 2324 Dtcr1o
1071 2263 1121 2326 sic
1135 2261 1284 2326 absoluta

229 2388 266 2430 ac
278 2367 424 2452 perfecta
441 2382 503 2444 est,
519 2380 557 2427 ut
573 2364 627 2428 vel
643 2365 707 2430 hoc
720 2381 863 2455 utroque
878 2367 1016 2430 nomine
1028 2369 1190 2457 princeps
1205 2389 1284 2458 poe-

229 2487 336 2536 tarum
350 2471 506 2557 Virgilius
521 2469 694 2535 habendus
710 2472 760 2536 sit.
