2718 4594
228 305 292 371 326
473 301 509 366 P.
532 300 765 366 VIRGILII
789 297 1021 366 MARONIS
1048 329 1054 338 ·
1144 395 1146 398 Ι

225 429 345 508 Troes,
360 426 581 516 Agyllinique,
596 441 629 489 et
639 425 735 514 pictis
747 423 889 491 Arcades
900 425 1009 490 armis.

225 536 277 602 Sic
289 535 395 600 omnis
408 557 500 600 amor
511 555 597 598 unus
609 532 710 597 habet
722 531 900 598 decernere
913 535 1001 598 ferro
1016 556 1023 596 :

224 641 400 730 Diripuere
412 663 498 720 eres3
511 640 535 703 it
548 655 618 704 toto
629 636 764 703 turbida
775 637 855 704 caelo

224 748 418 836 Tempestas
430 747 587 826 telorum,
601 764 638 811 ec
651 746 777 810 ferreus
790 746 913 832 ingruit
925 745 1045 824 imbe't3

224 855 440 943 Crateresque
452 854 612 941 focosque
625 853 735 916 ferunt
747 873 754 914 ι
768 852 852 938 fugit
863 852 934 940 ipse
946 852 1082 916 Latinus

221 959 371 1024 Pulsetos
382 959 529 1024 referens
541 959 665 1023 infecto
677 957 803 1022 foedere
816 956 919 1023 divos.

221 1067 393 1144 Infrenant
405 1067 459 1132 alii
472 1089 600 1146 currus,
614 1083 671 1131 eut
682 1089 821 1156 corpora
832 1067 917 1130 saltu

221 1171 407 1263 Suhjiciunt
418 1173 452 1236 in
466 1194 584 1262 equos,
598 1189 631 1237 et
641 1173 761 1237 strictis
775 1171 907 1236 ensibus
919 1169 1048 1236 adsunt.

221 1277 394 1367 Messapus
406 1301 532 1366 regem,
547 1279 698 1368 regisque
711 1279 838 1367 insigne
851 1295 1034 1367 gerentem,

220 1383 431 1475 Tyrrhenum
444 1386 615 1466 Aulesten,
629 1384 744 1450 avidus
757 1383 963 1450 confundere
976 1382 1098 1462 foedus,

218 1490 367 1556 Adverso
379 1507 543 1578 proterret
555 1514 642 1580 equo
655 1513 662 1553 :
676 1492 741 1556 ruit
754 1491 808 1555 ille
822 1489 995 1570 recedens,

218 1598 261 1662 Et
272 1598 373 1661 miser
384 1597 544 1685 oppositis
555 1619 573 1661 u
586 1613 679 1684 tergo
692 1598 871 1662 involvitur
882 1599 945 1662 aris

218 1791 298 1838 Burm.
310 1817 342 1828 -
353 1790 405 1838 281.
424 1789 530 1856 Agiloni,
548 1790 660 1857 Apitteni,
679 1792 777 1858 Aquini,
789 1793 912 1850 oberrato,
924 1805 950 1840 ut
963 1809 1014 1858 sup.
1027 1791 1093 1849 VIII,
1104 1787 1159 1854 479,
1171 1815 1203 1827 -
1216 1790 1264 1836 282·

217 1878 283 1908 omor
291 1866 362 1908 omnis
373 1862 472 1910 Dorvill.
483 1863 552 1910 Goth.
565 1881 601 1925 pr.
614 1889 645 1912 ·.-
658 1864 710 1910 283.
720 1873 743 1910 et
751 1881 794 1928 pro
807 1867 835 1921 it,
847 1865 940 1926 Menag.
954 1875 976 1910 et
988 1861 1049 1908 Gud.
1062 1879 1075 1907 a
1087 1878 1118 1907 m.
1128 1877 1165 1924 pr.
1174 1885 1205 1895 -
1213 1858 1263 1916 284·

218 1936 286 1979 irruit
297 1936 311 1978 i.
323 1934 437 1982 Montalh.
449 1961 480 1972 -
492 1934 544 1982 285.
560 1937 587 1980 F.
601 1933 638 1980 itte
649 1952 685 1998 pr.
700 1937 782 1982 Hamb.
794 1937 888 1983 -186.
902 1935 994 2000 effectos
1005 1951 1051 1981 sec.
1062 1931 1175 1978 Rottcud.
1188 1931 1265 1994 infesto

217 2001 308 2050 zulich.
320 2017 343 2051 et
357 2021 393 2068 pr.
408 2005 502 2070 Meneg.
513 2031 545 2041 —
558 2005 610 2068 287.
626 2015 650 2052 et
664 2023 684 2052 c.
699 2024 719 2053 s.
738 2007 824 2054 Medic.
833 2033 864 2042 -
875 2005 926 2054 288.
936 2015 978 2052 out
988 2009 1058 2051 strivt.
1070 2019 1118 2049 eus.
1133 2001 1196 2048 Gud.
1209 2019 1222 2048 a
1233 2017 1263 2046 m.

216 2089 253 2136 pr.
267 2091 321 2120 cum
333 2076 426 2121 Lutatio
443 2088 466 2120 et
482 2079 546 2124 Serv.
559 2093 596 2138 ap.
609 2077 735 2124 Burmann.
750 2079 842 2124 adstant
856 2078 922 2124 Leid.
937 2089 960 2123 et
975 2075 1061 2122 MedIc.
1076 2077 1105 2134 (a
1116 2091 1148 2119 m.
1162 2073 1265 2131 1119)-
1334 2111 1335 2114 ,

218 2141 272 2204 ²89.
281 2158 326 2208 que
335 2145 415 2191 aberat
425 2145 642 2209 Dorvill.ferentem
652 2163 697 2194 sec.
711 2149 821 2195 Rotteud.
832 2158 941 2214 repentem
953 2147 996 2193 Ed.
1006 2149 1032 2192 Ρ.
1045 2148 1105 2192 Dan.
1117 2157 1140 2190 et
1150 2143 1221 2189 Goth.
1229 2159 1263 2204 pr.
1334 2143 1335 2164 ³

214 2235 247 2248 ·-
260 2227 312 2273 290.
323 2209 439 2266 Aulestcm
449 2213 479 2260 al.
492 2216 582 2260 uvidum
598 2217 654 2263 olim
665 2215 752 2264 lectum
764 2236 802 2282 ap.
820 2221 884 2266 Serv.
903 2235 984 2264 ausum
1000 2215 1061 2279 conf.
1072 2214 1095 2278 f.
1115 2211 1222 2274 Parrbas-
1234 2236 1264 2246 -

216 2297 269 2342 ²9¹·
281 2285 367 2330 Averso
376 2284 464 2330 MedIc.
472 2295 585 2348 proteret,
598 2291 679 2336 vitiose
689 2289 759 2335 codd.
773 2303 796 2337 et
808 2290 863 2336 edd.
875 2301 931 2338 vett.
940 2291 1062 2353 prosternit
1070 2285 1108 2332 ed.
1118 2283 1218 2330 Mediol·
1228 2280 1263 2326 ille

215 2352 346 2398 recumbens
358 2354 464 2400 Parrhns.
476 2381 508 2391 -
520 2372 572 2417 29²·
585 2361 665 2404 mr'sere
680 2359 722 2406 Ed.
739 2362 799 2408 Veu.
818 2361 896 2406 Burm.
915 2361 1021 2424 oppositus
1037 2359 1114 2418 BIgot.
1134 2367 1158 2400 et
1175 2351 1263 2398 Zulieh.
1334 2347 1335 2358 ¹

213 2419 339 2467 obvolvitur
350 2439 385 2485 pr.
398 2423 496 2480 Monet,
508 2426 572 2488 quod
583 2426 708 2474 illustravit
718 2431 810 2484 Heius,
822 2441 845 2477 et
856 2431 948 2476 videtur
961 2444 1009 2475 esse
1020 2425 1157 2489 elegantius.
1169 2421 1265 2470 volvitur

214 2504 260 2536 oec-
273 2503 297 2538 et
308 2503 361 2537 tert.
374 2493 458 2540 Moret.
470 2494 545 2556 Bigot.
559 2497 657 2543 DorviIl.
675 2499 781 2548 Perrhae.
798 2517 851 2546 cum
865 2500 902 2548 ed.
918 2501 978 2546 Ven.
990 2499 1069 2544 Burm·

211 2655 352 2728 Agyllini,
377 2663 448 2714 conf.
475 2683 533 2737 sup.
555 2668 633 2734 vm,
661 2669 712 2739 478
758 2689 863 2742 poquae
874 2671 902 2723 h.
917 2671 935 2722 1.
951 2665 1164 2721 attulitlsatiuus
1179 2676 1260 2716 etse·

211 2753 270 2808 sqq.
285 2739 363 2809 pictis
377 2739 490 2794 Arcades
506 2745 605 2798 armis:
625 2747 659 2799 ud
676 2747 714 2798 di·
757 2769 818 2803 curn
844 2750 954 2804 revehit.
973 2779 1008 2788 -
1033 2749 1091 2816 287·
1116 2744 1261 2814 Infrenant

210 2829 348 2869 versorum
369 2819 538 2872 metallorum
558 2825 712 2879 mintionem
756 2849 865 2896 eunus,
882 2845 913 2882 ut
929 2830 1044 2899 ἕρματα,
1061 2841 1111 2898 pro
1128 2826 1205 2896 equis
1218 2826 1261 2892 Iu·

209 2897 289 2951 retuli
301 2915 359 2970 sup.
374 2898 421 2951 lib.
433 2899 472 2966 X,
489 2901 534 2952 181
549 2903 713 2954 versicolori-
756 2909 869 2981 gadibus.
879 2913 933 2962 cet
944 2911 990 2961 Ge.
1000 2907 1051 2974 514
1061 2919 1087 2958 et
1098 2905 1148 2970 ab,
1157 2917 1188 2955 ut
1197 2921 1261 2954 eon·

211 2979 257 3032 bus
272 2980 359 3032 omis.
371 2980 437 3032 'Nisi
456 2994 537 3052 poeta
556 2983 713 3055 simplIciter
755 3000 798 3040 tro
810 2991 916 3041 Homer.
927 2991 996 3040 ἵπποι
1007 3005 1058 3058 pro
1069 2997 1159 3037 curru.
1172 2981 1260 3053 Subjt‘·

208 3055 303 3126 γραφεὶς
322 3059 427 3114 doridos
450 3060 589 3133 designare
607 3063 709 3116 voluit:
754 3067 832 3119 citant
851 3087 973 3133 sursum,
1001 3071 1028 3119 in
1052 3066 1157 3128 ultum,
1183 3075 1258 3113 more

210 3155 268 3208 quae
280 3149 369 3190 tamen
379 3138 452 3209 picto
466 3141 583 3210 quidem,
595 3141 643 3194 sed
656 3161 710 3196 uon
755 3149 912 3220 virgiliano.
926 3152 961 3202 cf.
975 3147 1030 3200 Ed.
1042 3147 1085 3212 X,
1103 3147 1146 3217 74·
1156 3145 1207 3196 Ge·
1219 3143 1257 3206 11,

209 3215 374 3268 versicoloria
382 3229 500 3288 possunt
508 3219 562 3271 dici
571 3239 655 3272 orma.
668 3219 711 3274 Ad
757 3239 797 3298 19.
806 3230 855 3293 ΠΙ,
872 3230 932 3296 141.
942 3230 992 3294 IV,
1006 3225 1111 3279 386-
1121 3225 1181 3293 189.
1192 3221 1258 3294 regit

210 3295 261 3362 184
270 3297 390 3348 Mucrob.
403 3299 453 3362 VI,
470 3315 496 3365 1,
509 3317 568 3370 pag.
584 3299 642 3370 578.
653 3301 711 3352 lou·
756 3309 873 3380 Insigne,
886 3308 1010 3360 diadema
1023 3307 1094 3360 Serv.
1110 3306 1201 3355 Potuit
1217 3321 1257 3354 rc-

208 3371 255 3425 det
268 3392 299 3426 ex
310 3376 388 3425 Ennii
398 3377 466 3428 dun.
480 3376 526 3428 lib.
537 3379 597 3431 VIII
604 3381 711 3431 Hastati
753 3407 814 3459 gem
823 3387 902 3440 edere
914 3388 1057 3448 dolenen,
1068 3386 1133 3456 quia
1146 3383 1256 3454 singule

206 3463 335 3522 spargunt
346 3453 444 3518 hastos,
452 3455 488 3526 fit
493 3457 598 3526 ferreus
609 3460 699 3512 imber.
753 3467 873 3518 civitates
891 3483 953 3518 suos
966 3465 1105 3518 habebant
1117 3466 1257 3534 treugistrtt⁴

244 3532 303 3583 286.
318 3531 435 3586 Pulsotos
449 3537 521 3601 deos,
536 3541 641 3608 gravius
651 3558 710 3591 ver·
753 3557 809 3610 tus,
822 3545 910 3596 Lartes
922 3545 1024 3609 dictos,
1035 3562 1082 3594 seu
1092 3562 1180 3615 reges.
1195 3544 1255 3593 Fuit

204 3609 270 3661 bum
281 3613 386 3680 posuit,
403 3615 476 3683 quod
491 3615 627 3684 αἰκίζεσθαι
640 3618 708 3672 Grae·
751 3625 797 3678 itte
808 3627 878 3677 inter
889 3627 977 3677 AEneae
990 3623 1096 3676 auxilia.

205 3690 243 3738 eis
265 3700 351 3751 esset,
369 3703 398 3739 ut
417 3693 530 3745 violatos
548 3709 573 3747 et
590 3699 705 3768 ignomi-
787 3720 846 3772 290.
869 3703 1029 3774 confundere
1040 3702 1131 3773 foedus
1149 3721 1182 3754 ex
1200 3703 1255 3753 Ho-

203 3769 279 3818 niose
297 3766 404 3820 hubitos¹
424 3770 583 3844 designaret.
601 3779 705 3832 Morem
748 3784 848 3834 morico
861 3781 969 3848 συγχέειν
984 3778 1044 3848 dpxot
1061 3799 1113 3850 pro
1134 3782 1251 3834 turbare.

205 3857 293 3900 sutem
314 3848 396 3900 fuisse
416 3869 524 3906 necesse
541 3871 596 3921 est,
611 3871 641 3910 ut
652 3863 705 3912 foe·
748 3863 808 3914 Jem
820 3879 900 3932 supra
917 3863 964 3914 lib.
977 3863 1016 3928 V,
1030 3860 1099 3930 496,
1117 3862 1166 3912 ubi
1182 3861 1252 3913 vide·

203 3927 312 3980 deribus
342 3928 473 3981 faciendis
502 3936 562 4004 ipsa
592 3937 703 3992 deorum
748 3944 852 4008 -1918
862 3949 989 4011 proterret
998 3939 1105 4010 elegans
1117 3953 1144 3993 et
1157 3940 1253 3993 efficax

201 4010 277 4081 signa
290 4007 325 4062 ad
335 4025 408 4062 arem
421 4021 616 4070 statuerentur:
629 4021 706 4091 quip-
748 4019 875 4086 terbum,
892 4033 922 4073 ut
934 4019 1004 4074 bene
1019 4020 1109 4072 Burro.
1127 4021 1250 4073 monuit:
1334 4007 1335 4010 Ἴ
