2718 4594
228 273 290 338 280
474 267 508 332 P.
532 263 763 330 VIRGILII
786 263 1017 333 MARONlS

226 395 309 462 Nam
322 385 522 484 quicumque
533 408 629 456 tuum
640 391 774 455 violavit
786 391 922 456 vulnere
935 407 1068 480 empne,

227 505 335 566 Morte
347 501 416 564 luet
427 500 552 562 merita.
565 527 578 556 ι
595 497 670 561 Fuit
681 498 797 584 ingens
808 512 921 562 monte
934 497 996 562 sub
1007 498 1073 564 alto

227 608 324 696 Regis
336 606 501 671 Dercenni
513 621 645 669 terreno
657 619 698 667 ex
708 623 826 691 aggere
838 601 973 667 bustum

225 714 362 802 Antiqui
374 711 559 789 Laurentis,
573 731 741 798 opacaque
753 708 827 773 ilice
839 724 979 788 tectum;

227 819 291 884 Hic
303 817 411 882 deese
422 817 567 907 primum
578 813 694 903 rapido
705 813 927 903 pulcherrima
939 815 1014 878 nisu

227 924 329 1003 Sistit,
343 940 377 988 et
387 925 564 987 Arruntem
576 921 704 985 tumulo
716 921 905 1008 speculatur
913 920 956 984 ab
967 921 1043 985 alto.

140 1091 147 1098 .
228 1031 273 1094 Ut
284 1028 367 1093 vidit
378 1029 560 1116 fulgentem
571 1027 735 1104 armis,ac
746 1047 829 1090 vana
839 1041 1042 1090 tumentem:

224 1166 246 1212 ,a
257 1138 339 1215 Cur,
352 1131 472 1224 inquit,
487 1133 635 1224 diversus
646 1132 735 1196 abis?
745 1131 811 1196 huc
825 1129 930 1218 dirige
943 1152 1105 1218 gressum,
1229 1145 1274 1193 ess

229 1243 304 1306 Huc
315 1241 463 1329 periture
473 1239 563 1317 veni,
577 1239 686 1326 capias
697 1255 734 1301 ut
747 1237 843 1324 digna
856 1236 1002 1327 Camillae

229 1346 365 1412 Praemia
377 1369 385 1408 :
397 1360 480 1410 tune·
490 1346 588 1410 etiam
601 1345 673 1408 telis
686 1343 826 1407 moriere
839 1342 994 1408 Dianaein

229 1521 322 1577 ileins,
334 1536 382 1567 non
393 1521 545 1582 ineleganter.
556 1523 649 1583 patieris
662 1520 776 1566 Montalb.
790 1519 862 1566 inulta
875 1537 911 1583 pr.
926 1522 1010 1568 Monet.
1021 1533 1066 1567 eta
1077 1536 1108 1568 m.
1123 1536 1170 1568 sec.
1188 1521 1274 1568 Hamlr.

231 1607 303 1647 unua;
316 1591 358 1636 sed
376 1604 410 1637 est
419 1592 488 1653 firma
504 1589 595 1647 inultae,
613 1593 740 1652 ignominia
756 1590 918 1647 invindicata,
932 1604 958 1636 ut
969 1591 1029 1637 bene
1039 1593 1104 1643 Serv.
1117 1617 1148 1626 -
1159 1590 1214 1651 849.
1229 1590 1277 1636 luat

230 1679 266 1725 pr.
281 1660 363 1705 llamb.
375 1671 399 1705 et
406 1675 452 1706 aec.
464 1661 548 1706 Mores.
559 1677 611 1706 cum
621 1659 690 1706 Goth.
703 1676 739 1722 pr.
751 1673 774 1707 et
785 1672 838 1706 tert.
852 1673 875 1706 et
886 1661 933 1706 Eri.
946 1659 1069 1706 lecenter.
1080 1659 1184 1706 tritum.
1196 1662 1274 1704 Barna.

230 1743 279 1780 arto
294 1731 380 1778 Medic.
398 1749 411 1778 a
424 1749 455 1776 m.
468 1749 503 1794 pr.
515 1757 546 1768 -
557 1733 610 1778 850.
625 1731 735 1778 Dercemi
747 1733 832 1778 Medic.
846 1731 950 1778 Diruerni
963 1732 1023 1789 duo,
1035 1746 1075 1778 aut
1086 1745 1131 1778 tres
1143 1730 1184 1777 alii
1194 1733 1273 1778 Heius.

231 1801 320 1849 Diroem'
330 1801 435 1848 Parthas.
447 1799 562 1848 Stercerni
572 1803 634 1864 apud
646 1801 750 1849 Servium
761 1803 831 1849 fuisse
841 1801 941 1849 videtur.
952 1803 1066 1849 Dercenni
1076 1815 1099 1848 et
1110 1802 1219 1848 Dorcem'i
1229 1800 1274 1848 alii.

230 1902 261 1911 -
273 1875 326 1920 851.
341 1883 425 1919 textum
441 1869 495 1918 Eae.
512 1875 590 1919 Burm.
600 1900 631 1909 —
643 1874 695 1920 852.
710 1875 766 1919 nixu
778 1875 859 1920 Franc.
878 1874 916 1921 vel
932 1889 1000 1920 cursu
1012 1877 1037 1920 in
1048 1891 1120 1937 marg.
1133 1873 1205 1920 Goth.
1221 1885 1272 1920 tert.

231 1947 262 1980 -'-
274 1941 326 1991 853.
346 1945 470 1988 Arruntem
484 1944 593 1988 tumidum
610 1943 668 1991 alter
686 1945 768 1990 Hamb.
779 1968 809 1979 -
819 1943 871 2000 854.
892 1942 1004 1990 &tantem
1017 1947 1097 1990 animis
1109 1943 1198 1990 Medic.
1213 1960 1226 1988 a
1243 1959 1273 1987 m.

231 2033 267 2078 pr.
286 2014 351 2078 quod
367 2017 466 2078 arripuit
479 2014 619 2060 Wakefield.
634 2016 706 2062 Videt
723 2028 801 2062 tamen
819 2015 1013 2062 accommodatius
1031 2018 1063 2062 sic
1079 2015 1147 2061 fore:
1165 2013 1199 2058 Ut
1218 2015 1276 2059 videt

231 2088 380 2135 exsultantem
389 2092 477 2134 animis.
488 2099 614 2153 surqeutem
625 2089 691 2136 Leid.
701 2115 732 2125 -
742 2090 794 2137 855.
809 2090 917 2136 adversm
929 2089 1018 2136 zulich.
1029 2087 1058 2133 ab
1070 2087 1104 2133 lu's
1115 2087 1175 2134 alter
1184 2088 1274 2148 Menag.

232 2161 305 2222 deriqe
319 2159 405 2206 Medic.
418 2173 442 2206 et
452 2160 513 2205 Gud.
522 2177 612 2224 pressus
625 2161 672 2206 urs.
682 2188 713 2197 —
725 2161 777 2208 856.
791 2164 897 2207 moriture
908 2177 953 2206 sec.
965 2161 1049 2206 Moret.
1063 2156 1159 2205 Camilla
1170 2160 1237 2203 Rom.
1246 2182 1276 2194 ·-

233 2229 285 2291 857.
301 2231 364 2275 Tunc
376 2233 457 2276 Franc.
473 2233 548 2294 Teque
563 2248 598 2294 pr.
619 2231 729 2277 Rottend.
749 2234 805 2278 Tute
819 2235 887 2277 ett'am
903 2231 949 2276 Erl'.
967 2233 1061 2278 morsm
1079 2246 1125 2276 sec.
1143 2229 1228 2274 Moret.
1240 2227 1273 2272 ld

232 2300 301 2346 verba
311 2315 317 2342 :
332 2302 395 2344 Tune
405 2302 472 2344 etium
481 2300 510 2345 ab
520 2302 628 2357 Heinsio,
641 2313 664 2346 et
675 2303 808 2348 Burmanno
817 2301 851 2348 nil
863 2309 968 2348 notatum
973 2291 1053 2360 ¹mirari
1065 2299 1137 2346 licet:
1150 2316 1224 2363 quum
1233 2315 1274 2345 ex·

232 2369 314 2432 peditu
334 2367 398 2413 haud
414 2367 491 2413 facilia
508 2371 561 2415 sint.
580 2372 627 2415 Aut
642 2373 704 2417 enim
718 2373 786 2435 jungi
800 2371 886 2419 debet:
905 2376 968 2418 Tune
979 2375 1058 2427 emm,
1070 2373 1138 2417 etiam
1151 2383 1190 2426 tu,
1202 2386 1233 2416 sc.
1246 2368 1274 2414 ad

233 2435 365 2500 exemplum
380 2449 413 2482 tot
427 2436 538 2495 aliorum,
553 2443 593 2502 qui
604 2442 685 2486 Dianae
699 2442 752 2488 telis
762 2445 862 2505 periere.
876 2445 913 2489 Sic
925 2443 974 2489 iere
990 2445 1054 2488 Serv.
1069 2453 1094 2487 et
1103 2443 1202 2497 Donat.;
1220 2453 1273 2486 aut:

231 2511 299 2552 etiam
315 2507 397 2551 Dirmoe
414 2503 474 2562 telis,
493 2523 524 2552 sc.
542 2523 586 2554 nec
598 2512 668 2566 meie;
680 2512 857 2574 expectabisne,
869 2511 925 2558 d'um
940 2513 1037 2558 aniana
1050 2513 1099 2573 ipsa
1115 2511 1276 2558 interficiaris?

232 2581 303 2624 Erant
313 2591 390 2623 tamen
400 2580 472 2640 ipsius
482 2579 562 2624 Dianae
574 2584 672 2642 sagittae,
684 2582 770 2645 quibus
784 2585 841 2646 Opis
856 2583 972 2630 utebatur.
991 2585 1105 2629 Neutrum
1117 2586 1171 2629 satis
1184 2582 1272 2645 placere

232 2662 316 2712 potest.
329 2651 403 2695 Possit
412 2649 510 2697 alterum
520 2651 668 2699 distinctione
678 2657 755 2716 juvari
766 2655 833 2701 :Huc
848 2659 947 2719 periture
960 2658 1016 2701 veni.
1030 2655 1111 2718 Caprius
1121 2664 1146 2700 ut
1154 2656 1222 2718 ἅμα
1233 2655 1274 2699 Ca-

231 2717 299 2766 mille
311 2717 418 2775 Praemia,
437 2726 488 2765 tune
499 2723 569 2766 etiam
579 2720 627 2768 telis
638 2727 731 2770 moriere
742 2724 839 2772 Dianae?
849 2727 883 2772 Ex
894 2724 974 2773 Cerdae
988 2737 1066 2772 mente
1083 2724 1147 2772 dolet
1156 2724 1272 2790 Nympha,

231 2877 286 2914 non
299 2860 449 2913 narrabitur
464 2855 550 2928 dete,
567 2864 658 2916 tulisse
671 2884 732 2917 eum
775 2865 894 2918 Servium
907 2865 1272 2932 habuit‚haecalfert:·Der·
1334 2893 1335 2896 ι

232 2941 355 3014 impune,
368 2942 414 3011 qui
426 2954 451 2992 te
467 2943 607 2994 interemit.
625 2946 668 2995 Fit
679 2943 731 2998 hoe
777 2963 871 3010 renus,
884 2965 934 2998 rex
950 2964 1018 2998 unus
1035 2965 1068 2998 ex
1086 2945 1270 3015 antiquissimis

231 3039 263 3072 ex
271 3022 363 3073 Dianae
372 3019 499 3072 mandato
509 3039 568 3092 sup.
578 3022 728 3094 590....593.
776 3027 804 3076 in
812 3025 889 3078 Latio
901 3063 910 3092 ,
923 3045 1002 3096 quem
1018 3026 1139 3096 plerique
1152 3026 1270 3082 Latinum

266 3101 327 3168 849.
340 3099 515 3152 Tumulorum
524 3099 576 3152 hoe
583 3121 671 3174 ,genus
682 3123 731 3156 an·
774 3104 890 3158 eundem
900 3105 1037 3167 dixerunt,
1044 3117 1074 3156 ut
1083 3105 1181 3176 Iginus
1192 3128 1202 3150 ι
1213 3105 1273 3175 Ege·

232 3181 409 3249 tiquissimum
433 3199 465 3232 ex
484 3194 591 3253 aggesta
611 3184 638 3234 in
653 3183 728 3236 collis
774 3187 906 3257 religitur
923 3186 956 3237 de
971 3204 1003 3237 eo
1020 3186 1137 3258 Hyginus
1155 3185 1183 3234 in
1198 3184 1273 3236 Com·

230 3257 399 3310 altitudinem
419 3257 519 3325 humo,
532 3259 615 3332 ¹apud
636 3279 728 3315 omnes
773 3265 907 3317 mentariis
922 3263 950 3314 in
962 3263 1056 3336 Vir-gil.
1075 3262 1230 3334 deperditis.
1240 3290 1271 3301 -

231 3336 286 3387 fere
303 3349 406 3388 veteres
427 3339 551 3408 populos.
573 3341 729 3412 Exemplum
764 3341 834 3411 854.
847 3361 916 3395 uana
929 3353 1071 3395 tumentem
1079 3380 1088 3408 ,
1101 3342 1178 3413 (κατ’)
1192 3338 1271 3394 laima

231 3414 310 3464 etiam
322 3414 395 3484 apud
407 3416 550 3469 Homerum
563 3419 638 3471 Iliad.
652 3441 680 3480 n,
696 3421 730 3472 86
776 3422 912 3494 alleluiae.
926 3423 1049 3488 diverses,
1058 3424 1086 3472 in
1096 3421 1216 3490 diversa,
1228 3417 1271 3472 iri·

232 3510 290 3561 Sqq·
301 3494 331 3552 β,
347 3495 407 3546 6⁰3·
420 3496 453 3560 ψ,
464 3497 515 3563 245
528 3515 567 3568 sq.
578 3499 656 3550 Nunc
663 3499 731 3550 illud
776 3503 850 3571 pedu,
860 3505 915 3572 jam
923 3503 981 3554 AEn.
990 3502 1036 3553 lib.
1045 3503 1078 3568 V,
1091 3501 1193 3566 remur
1200 3503 1271 3552 toties

232 3570 449 3640 observandum,
479 3577 554 3646 qnod
579 3577 729 3648 quercubus
776 3583 910 3649 adversus,
923 3601 1079 3637 aversustv.
1097 3599 1120 3635 c.
1137 3602 1200 3635 mox
1216 3585 1269 3653 871.

231 3651 349 3701 consitus
373 3666 422 3704 est.¹
443 3653 541 3727 Regem
564 3657 731 3710 Dercennum
776 3691 810 3701 -
827 3661 887 3715 856.
909 3665 990 3735 diqna
1011 3659 1130 3713 Camillis
1146 3663 1269 3734 premia,

232 3728 339 3780 aliunde
359 3747 413 3780 non
432 3736 561 3786 novimus.
579 3735 616 3786 Ex
636 3736 727 3788 Servio
775 3759 883 3812 ptenam
903 3743 1025 3794 meritam
1043 3739 1161 3793 Camillae
1182 3754 1268 3793 morte.

231 3820 357 3877 οὓΥΙἭΡῘο
370 3808 494 3880 θθῃῑῧθθι
505 3834 593 3884 regem
602 3815 727 3886 AhOfigi·
773 3841 831 3893 sup.
841 3824 897 3874 AEn.
908 3823 940 3888 Π,
949 3821 1009 3891 537.
1018 3821 1161 3891 etprremi'a
1171 3823 1271 3873 reddant

217 3901 293 3937 ¹utrm
307 3886 369 3937 olim
381 3885 433 3938 hoc
444 3893 550 3943 nomine
561 3905 653 3944 notum
663 3896 728 3946 fuis·
772 3903 868 3954 dehita,
885 3931 919 3945 ..
936 3900 994 3971 857.
1018 3901 1094 3952 Tune
1114 3901 1195 3952 etiam
1221 3900 1270 3954 telis

232 3985 268 4021 se.
280 3971 366 4023 Julius
378 3970 508 4039 Sabinus,
521 3977 566 4045 qui
580 3976 728 4046 pleniorem
771 3981 886 4034 moriere
904 3980 1020 4034 Diarroe?
1039 3981 1075 4032 Ut
1095 3980 1179 4034 verba
1201 3992 1272 4046 sunt,
