2718 4594
367 281 382 304 ’
424 318 487 384 sn
509 317 712 384 numum
735 319 799 384 xi.
1075 323 1137 411 293

91 458 136 496 urs
146 459 232 514 usqne
241 439 277 495 sd
285 439 449 513 Euphratem
459 441 590 495 fecundus
600 443 817 515 superstitionum
828 441 969 514 generibus
978 445 1058 496 variis
1068 447 1141 496 varie

92 524 232 595 permixtis
244 535 271 574 et
284 522 421 574 confusis·
437 521 533 594 quibus
545 541 595 593 pro
607 521 692 573 fundo
709 521 817 574 suberat
834 523 942 594 frugum
957 533 1042 575 mater
1057 525 1140 575 Terra

93 623 158 656 eum
169 619 254 674 puero
267 603 334 675 Azy,
347 603 531 672 antiquissima
543 603 651 674 religio,
663 622 712 674 per
724 621 751 655 se
764 600 828 654 sane
840 602 1042 673 simplicissima.

129 683 193 732 Post
206 683 258 734 ists
269 682 358 733 omnia
369 681 611 734 elaboratissimam
625 680 680 732 vidi
698 681 839 753 Phrygium
850 683 973 732 vestitum
989 684 1017 733 in
1034 683 1140 756 anagly-

93 760 152 832 pho
164 780 233 814 aereo
245 779 413 832 expressum,
431 760 504 832 quod
517 761 645 813 Hawlrins
653 763 685 812 V.
699 759 728 812 C.
741 763 769 812 in
780 763 943 813 Britanniam
954 765 1101 832 reportavit
1112 767 1140 815 in

93 841 177 911 Epiro
188 855 322 912 repertum
333 865 339 894 :
358 845 432 911 cujus
443 842 606 913 'ampliorem
619 843 741 893 notitiam
753 841 816 893 dedi
827 843 854 893 in
864 844 962 892 nostris
978 843 1139 895 Recensibus

94 921 221 973 literariis
237 921 319 992 (Giitt.
333 921 389 974 Get.
400 921 468 974 Ans.
483 923 557 974 1800.
570 941 596 993 p.
613 923 676 974 1801
692 922 773 995 seq.).
794 923 878 974 Fuere
891 935 978 974 autem
990 922 1053 973 oiim
1064 924 1140 994 signa

93 1000 208 1072 Phrygio
222 1005 318 1054 amictu
334 1001 411 1054 vaide
426 1003 596 1073 frequentata
607 1001 766 1068 artificibus,
779 1004 877 1074 quippe
889 1004 948 1073 ipso
959 1002 1053 1054 habitu
1062 1021 1139 1073 pere-

93 1081 172 1149 grino
189 1083 351 1151 conspicua,
368 1093 394 1133 et
410 1081 582 1154 religionibus
595 1081 713 1155 Phrygiis
729 1082 783 1136 late
797 1082 981 1134 disseminatis.
995 1081 1080 1132 Etiam
1091 1083 1140 1134 Pe·
1183 1117 1184 1120 =

95 1156 156 1230 lops
169 1177 307 1234 expressus
322 1173 379 1215 erat
391 1163 489 1215 amictu
500 1161 626 1235 Phrygio,
640 1181 682 1234 ap.
697 1162 897 1230 Philostratum,
909 1163 990 1234 lmsg.
1000 1161 1028 1226 1,
1036 1159 1079 1213 30.
