2690 4596
240 243 304 323 444
569 241 780 305 nerunt
804 239 954 307 vnuu

239 365 372 453 Incipit,
387 381 420 429 et
431 364 523 453 prior
532 363 655 428 affatur
666 363 796 453 placido
809 389 865 430 ore
879 367 1036 432 Latinus:

286 501 298 530 tt
311 471 437 535 Venisti
449 468 597 550 tandem,
612 470 771 558 cupidum
783 493 845 536 nec
857 471 920 536 {ixa
931 474 1054 540 fefellit

237 577 317 664 Spes
329 578 490 656 animum,
505 577 571 641 dux
583 577 735 665 Trojnnae
747 578 925 642 clarissime
938 581 1063 666 gentis,
1247 597 1287 655 425

237 685 435 772 Magnorum
447 706 548 773 quem
556 683 647 772 jussa
660 687 767 747 Deum
780 700 828 746 tot
840 683 969 748 casibus
981 703 1095 750 actum
1324 679 1325 744 l

238 791 344 870 ltalia,
358 807 391 855 et
402 791 522 854 nostris
535 789 712 853 voluerunt
724 790 839 854 sistere
852 789 946 854 tectis
959 813 966 850 ;

236 897 445 984 Quamquam
457 894 601 959 humana
613 894 727 958 furens
740 895 838 958 nimis
850 916 928 958 ausa
940 895 1075 959 licentia
1088 916 1224 966 sanctas

237 1001 394 1066 Turberit
406 1002 509 1088 leges,
525 1016 557 1064 et
569 1000 690 1063 Divum
703 999 859 1062 exciverit
871 1000 950 1079 iras3
1324 985 1326 1070 l

236 1112 325 1193 Quin
338 1111 436 1174 etiam
449 1109 588 1171 invitum
601 1107 713 1184 toties,
727 1129 849 1194 meque
860 1129 951 1170 armo
963 1125 1147 1197 negantem
1250 1125 1290 1182 434
1325 1093 1327 1242 4

237 1215 427 1281 Tradiderit
439 1213 513 1277 duri
527 1213 673 1302 perferre
686 1212 833 1299 pericula
845 1215 971 1276 Martis.

237 1326 374 1388 Factum
387 1321 523 1399 etenim,
538 1318 596 1385 sed
610 1341 670 1382 nec
683 1339 784 1406 parvo
797 1334 859 1383 stat
871 1341 878 1380 ε
892 1320 1034 1384 Numina
1044 1318 1156 1410 justas

237 1427 410 1515 Indignata
423 1426 540 1490 animis
553 1425 671 1488 misere
685 1423 813 1488 ultricia
825 1446 949 1511 poenas.

236 1537 333 1598 Nunc
345 1556 418 1620 age,
433 1553 550 1618 magne
563 1530 728 1618 Phrygum
742 1527 873 1608 ductor,
890 1529 1025 1618 quando
1038 1533 1151 1598 omnis
1165 1535 1259 1622 origo

237 1637 532 1715 Seditionisubest‚
547 1636 973 1715 ettanticriminisauctor,
1250 1655 1290 1712 435

238 1745 421 1810 Connubiis
434 1741 589 1821 succede,
604 1759 636 1806 et
648 1743 818 1830 promissis
830 1743 1022 1831 hymenaeis.

238 1852 321 1916 Sunt
333 1850 414 1914 mihi
427 1873 540 1937 regna,
555 1866 690 1912 manent
703 1849 819 1913 erectis
833 1847 955 1936 oppida
968 1851 1074 1915 muris
1087 1874 1095 1914 :

239 1958 314 2023 Sola
325 1975 436 2022 autem
450 1957 543 2022 fessae
556 1978 630 2044 spes
643 1955 740 2018 unica
753 1971 826 2019 nate
840 1971 1001 2020 senectae:

239 2065 288 2128 Te
302 2086 474 2151 generum,
490 2078 522 2126 et
534 2079 647 2126 natum
661 2076 791 2148 ternpus
804 2061 1009 2148 complector
1019 2063 1055 2127 in
1069 2085 1183 2129 omne.
1198 2096 1211 2125 s

170 2305 173 2312 Ι
241 2240 308 2292 Vide
321 2243 400 2292 etium
412 2239 515 2291 AEneid.
533 2237 580 2290 lib.
598 2239 673 2303 11‚v.
689 2239 814 2304 281‚uhi
826 2239 852 2289 in
865 2240 963 2290 somnis
976 2241 1074 2292 AEneas
1088 2241 1125 2293 sd
1135 2245 1288 2296 Hectorem:
1330 2267 1331 2296 4

346 2339 370 2389 0
382 2338 426 2390 lux
439 2338 597 2402 Dardanios,
611 2356 670 2408 spes
684 2356 700 2387 ο
712 2337 841 2389 fidissima
852 2338 1001 2389 Teucrum!
1330 2345 1331 2406 4

237 2433 274 2483 'Et
295 2451 398 2483 mecum
416 2431 559 2483 concludes
582 2434 672 2483 omnia
691 2432 737 2483 illa
755 2433 886 2504 Maphaei,
906 2435 928 2484 si
946 2452 978 2484 ex
993 2433 1110 2486 Marone
1129 2436 1232 2488 fuerint
1250 2435 1290 2487 de·
1330 2461 1331 2516 4

240 2523 428 2581 promta‚non
447 2510 509 2562 ideo
532 2513 691 2563 Maroniana
717 2514 894 2574 remansisse;
920 2511 1048 2582 dicesque
1073 2533 1137 2565 curn
1152 2535 1217 2569 vere
1235 2517 1289 2567 Vir·
1330 2517 1331 2520 ’

244 2591 344 2664 giliauo
358 2605 450 2644 nostro
463 2591 575 2643 Athalioe
591 2605 716 2644 auctore:

345 2689 480 2740 Comment
491 2709 523 2740 en
537 2709 573 2741 un
583 2687 675 2762 plomb
688 2689 727 2741 vil
737 2688 788 2741 l’or
796 2687 950 2759 purs'est-il
962 2688 1086 2762 change?

240 2813 276 2823 —
285 2784 345 2850 430.
358 2785 471 2835 invitum
481 2796 507 2835 et
516 2797 661 2858 neqantem.
672 2785 773 2838 Eadem
781 2788 851 2854 jam,
865 2785 930 2852 342,
943 2784 1039 2837 iisdem
1052 2784 1142 2836 verbis
1156 2787 1288 2855 expressit.

239 2862 344 2928 -43n
358 2865 467 2914 Factum
479 2865 591 2930 etenim,
608 2866 651 2917 sed
668 2883 715 2916 nec
727 2858 878 2935 parvo'stat.
898 2864 929 2917 ld
940 2876 995 2929 est,
1013 2882 1068 2916 non
1084 2882 1171 2934 parvo
1191 2877 1290 2916 constat

239 2945 331 2994 Turno
344 2945 447 2998 facinus
459 2958 641 3015 perpetratum
655 2958 747 2996 contra
759 2945 877 2996 Deorum
889 2944 1066 2996 voluntatem.
1078 2946 1150 2996 Bene
1162 2943 1239 3007 dicit,
1249 2959 1290 2995 occ

241 3042 339 3094 parvo,
354 3045 408 3077 non
421 3027 571 3098 inceptanti,
582 3029 646 3096 quia
659 3026 788 3078 duntaxat
803 3027 885 3091 tanti,
903 3025 1017 3098 quanti,
1031 3024 1133 3096 pluris,
1149 3038 1176 3077 et
1187 3025 1291 3076 minoris

242 3124 301 3155 cum
323 3125 413 3158 eorum
434 3109 605 3177 compositis,
623 3107 686 3159 dum
702 3109 757 3160 sine
780 3107 951 3159 substantivis
973 3119 1052 3172 sunt,
1072 3119 1216 3176 ponuntur
1237 3124 1291 3156 curn

240 3185 329 3237 verbis
342 3191 420 3258 pretii
432 3191 458 3239 in
471 3189 605 3259 genitiv03
617 3207 679 3240 nam
692 3201 787 3240 caeteru
799 3189 890 3239 omnia
899 3190 926 3238 in
940 3186 1068 3239 ablativo.
1082 3187 1164 3238 Unde
1175 3188 1253 3238 Maro
1265 3188 1288 3236 'ur

240 3264 360 3317 secundo
372 3268 475 3320 AEneid.
493 3269 549 3334 104.
565 3268 597 3318 Εῑ
614 3287 710 3341 mapno
723 3281 873 3320 mercentur
887 3265 993 3318 Atride.
1007 3267 1040 3317 A.
1051 3295 1088 3306 -
1098 3266 1162 3332 434.
1181 3265 1289 3338 quondo.

241 3343 272 3393 ld
291 3357 345 3412 est,
364 3338 585 3419 quondoquidem.
601 3377 636 3386 -
653 3347 737 3398 omnis
757 3346 829 3418 oripo
846 3345 997 3405 seditionis;
1020 3345 1126 3396 scilicet
1144 3347 1253 3396 Turnus
1270 3357 1292 3394 et

242 3421 337 3474 Amata
356 3427 509 3496 perierunt:
523 3445 586 3498 ergo
603 3425 670 3476 nihil
688 3425 776 3477 obstat
795 3425 935 3496 hymenaeis
953 3425 1019 3485 tuis;
1038 3441 1103 3493 ergo
1119 3425 1183 3492 jure
1199 3425 1291 3476 infers·

239 3516 301 3552 mus
320 3520 411 3554 eorum
428 3519 512 3557 morte
530 3505 667 3558 AEneidem
683 3506 820 3557 terminari
840 3517 866 3556 et
886 3502 996 3556 absolvi.
1012 3531 1049 3542 —-
1064 3502 1127 3572 437.
1148 3503 1219 3554 Sunt
1233 3499 1292 3552 milri

243 3595 333 3648 regna,
349 3594 457 3635 manent
467 3585 556 3636 erectis
569 3585 666 3657 oppida
677 3585 766 3636 muris.
777 3584 854 3636 Unde
867 3587 895 3636 in
906 3583 963 3648 vlt,
977 3582 1010 3634 de
1022 3582 1114 3635 Latini
1125 3585 1219 3656 regia,
1234 3582 1290 3648 184·

349 3688 487 3761 Multaque
500 3705 628 3764 practerea
641 3695 726 3748 sacris
736 3695 763 3744 in
774 3693 896 3764 postibus
909 3710 998 3755 arma,

272 3830 276 3839 Ι
350 3766 455 3837 Captivi
467 3773 585 3841 pendent
596 3791 706 3838 curruS‚
719 3791 858 3842 curvreque
871 3787 993 3834 secures,

350 3845 383 3893 Et
396 3849 480 3899 cristae
493 3854 611 3921 capitum
623 3863 649 3908 et
661 3864 799 3926 portarum
811 3853 929 3922 ingenua
941 3847 1076 3912 claustra,

352 3921 529 3998 Spiculaque,
542 3931 697 4004 clypeique,
710 3945 855 4005 ereptaque
867 3942 954 3983 rostra
966 3927 1076 3980 carinis.
1118 3927 1153 3978 A.
