2690 4596
344 275 579 348 AENEIDOS
603 281 758 348 LIBER
780 281 867 348 XII.

115 402 179 468 His
190 402 295 482 actis,
309 403 403 469 aliud
411 406 550 470 Genitor
561 427 675 470 secum
686 407 757 495 ipse
769 407 914 472 volutat:

71 506 90 569 J
92 524 328 600 uturnamque
339 529 432 599 purat
444 512 552 576 fratris
565 510 730 598 dimittere
742 513 783 577 ab
795 514 903 579 armis

69 614 244 680 Dicuntur
257 617 400 704 geminae
412 633 521 705 pestes
533 617 730 704 cognomine
743 618 845 699 Dirae,

69 719 160 800 Quas
175 738 211 786 et
222 724 420 786 Tartareum
432 725 503 787 Nox
516 724 712 812 intempesta
724 725 902 815 Megperam

69 899 121 959 quit
131 897 224 944 Medic.
238 915 297 944 cum
309 897 415 960 plurimis
425 898 484 946 aliis.
501 899 611 946 Solleune
625 911 704 946 tamen
719 912 806 962 poetae,
820 911 921 956 motum,
932 901 1038 964 inprimis
1052 902 1132 945 conci.

69 971 195 1027 sanorem,
208 973 335 1032 praeterito
346 982 451 1032 tempore
463 970 590 1018 declarare.
605 971 652 1017 Sed
666 987 719 1016 meo
728 971 819 1033 judicio
835 983 896 1018 totus
909 971 948 1018 bic
959 987 1039 1020 versus
1049 973 1133 1018 melius

70 1037 164 1084 abesset
175 1055 181 1084 :
197 1042 247 1085 nisi
262 1039 306 1085 ille
316 1039 384 1086 aliter
395 1040 451 1086 olim
464 1040 538 1086 lectus
549 1042 602 1088 fuit
613 1041 699 1088 Saltem
709 1053 762 1103 post
772 1045 862 1087 retorsit
871 1045 938 1105 sequi
948 1042 1054 1088 debuisse
1064 1042 1134 1089 vide-

70 1119 127 1154 tur:
143 1108 243 1156 lumine.
262 1121 289 1156 et
299 1127 319 1156 e.
335 1113 369 1158 Ut
382 1111 458 1159 solent
477 1113 510 1158 dii
528 1116 554 1158 iu
567 1129 661 1158 sucrum
680 1125 763 1158 morte.
780 1115 812 1158 Ut
829 1129 881 1176 sup.
896 1115 929 1170 X,
946 1113 992 1176 473
1005 1113 1133 1160 Hercules:

70 1178 150 1225 oculos
163 1179 311 1228 Rutulorum
324 1185 397 1246 rejicit
408 1176 514 1230 urvtstt
525 1185 575 1245 ipsa
587 1185 649 1230 Juuo
661 1199 712 1246 sup.
730 1185 769 1230 151
784 1185 837 1230 Non
846 1199 946 1248 puqrtem
956 1183 1070 1247 adspicere
1078 1183 1135 1229 hunc

68 1251 158 1308 oculas,
178 1269 228 1299 non
239 1254 337 1316 foedera
349 1271 448 1318 possum.
462 1259 500 1303 Jo.
514 1255 670 1302 Schraderum
681 1258 799 1319 conjicere
817 1257 901 1304 video:
915 1265 939 1302 et
952 1255 1040 1302 vultum
1058 1254 1135 1302 teuta

68 1328 170 1370 retorsit.
181 1325 285 1382 -843.
298 1328 342 1372 His
358 1329 423 1374 dictis
439 1328 508 1374 Goth.
527 1340 581 1374 tert.
601 1343 720 1392 secumque
735 1326 824 1374 volutat
839 1327 939 1375 Dorvill.
951 1354 982 1365 —
993 1326 1047 1385 844.
1061 1327 1138 1390 fratri

69 1393 165 1458 lingon.
176 1397 303 1443 demittere
311 1412 412 1461 quatuor
422 1400 485 1462 apud
494 1401 573 1446 Burni.
584 1399 717 1446 descendere
726 1399 797 1446 Goth.
809 1411 863 1446 tert.

70 1532 143 1587 dea?
154 1537 216 1589 Erit
228 1535 327 1590 eoelum
336 1538 364 1591 b.
377 1539 395 1591 l.
406 1540 439 1593 de
449 1541 587 1612 ipsanube
631 1553 726 1593 testate
742 1539 819 1592 nihili
837 1553 916 1592 sunt:
938 1539 978 1591 uti
996 1556 1045 1588 nec
1066 1534 1133 1587 illud

72 1617 290 1686 accipiendum,
303 1618 374 1671 unde
387 1619 434 1672 illa
447 1619 588 1692 spectabat
632 1623 696 1674 satis
716 1622 861 1693 probatum
880 1619 954 1672 dedit
972 1619 1066 1670 Furias
1085 1637 1135 1688 ap-

71 1711 196 1768 pugnam
208 1697 311 1748 aethere
322 1698 451 1768 pendens.
462 1701 496 1751 cf.
506 1718 589 1771 supra
631 1701 744 1772 pellatas
757 1719 814 1754 esse
827 1719 902 1752 canes
911 1697 983 1751 Jovts
990 1720 999 1760 ;
1013 1716 1067 1770 quo
1081 1715 1132 1749 no·

73 1791 136 1845 792.
157 1779 222 1847 796.
240 1778 303 1829 810.
321 1779 386 1831 Inde
406 1779 454 1832 illa
469 1780 535 1833 abiit
552 1777 587 1832 ad
631 1783 703 1833 mine
720 1781 842 1853 Harpyiae
862 1780 927 1832 alias
945 1780 1088 1850 insignitae,
1102 1787 1133 1830 ut

71 1871 153 1906 suum
172 1856 312 1923 θάλαμον,
326 1859 496 1925 cubiculum,
513 1858 587 1930 quod
632 1860 757 1932 Apollon.
771 1864 808 1928 ll,
827 1855 1133 1930 289‘Apeuiue.1atpeitttu

71 1933 209 1990 Homerus
227 1939 388 1988 memoravit
398 1937 474 1990 iliud.
488 1937 505 2003 ἒ
513 1976 522 2002 ,
538 1937 587 1990 166
633 1937 683 1996 Atii
695 1937 778 2000 adsue,
792 1953 819 1992 et
830 1939 895 2006 nipe
913 1938 978 1990 ibid.
998 1941 1034 1989 IV
1039 1975 1047 2003 ,
1066 1939 1133 1990 1666

72 2029 134 2086 sqq.
148 2019 185 2068 ci.
197 2019 265 2069 Exc.
276 2016 301 2066 ll
311 2015 346 2068 ad
355 2015 427 2068 huuc
435 2016 482 2068 lib.
493 2018 551 2068 ΧΗ.

110 2095 174 2162 843.
186 2097 332 2170 Ingeniose
342 2113 448 2168 uotum¹
454 2098 493 2147 rei
506 2113 587 2166 expe-

74 2171 184 2227 diendet
202 2175 317 2228 modum
329 2175 488 2247 excogitavit
501 2174 589 2246 Virgi-

75 2251 137 2306 lius.
151 2256 227 2309 Nam
234 2258 294 2309 AEn.
307 2257 357 2322 IX,
369 2255 420 2309 803
429 2273 468 2327 sq.
479 2255 588 2326 Homeri

75 2335 205 2406 exemplo
216 2338 246 2388 in
256 2335 334 2387 simili
344 2336 405 2388 loco
415 2337 470 2387 Irin
479 2337 588 2388 miserat

76 2414 113 2466 ad
138 2415 311 2470 evocandam
332 2415 428 2470 deam:
453 2435 525 2469 nunc
544 2434 587 2468 res

75 2508 136 2548 erat
153 2496 297 2550 varianda.
314 2498 350 2548 Ut
366 2499 457 2568 itaque
473 2498 588 2549 iuturus

77 2593 94 2626 a
102 2577 189 2628 fratre
198 2574 358 2641 discederet,
366 2577 508 2628 manifesto
516 2595 587 2628 mor·

77 2657 113 2707 tis
137 2655 266 2707 instantis
288 2657 376 2707 omine
397 2645 443 2706 illa
464 2668 587 2708 terretur.

77 2732 406 2787 dimittereevocabulum
419 2732 526 2802 quidem
538 2731 589 2782 sol·

77 2815 163 2868 lenne
178 2815 209 2863 in
221 2809 381 2862 dimittendo
394 2813 524 2875 exercitu,
541 2810 589 2862 sed

78 2892 209 2946 hocloco
218 2888 272 2941 alio
282 2887 447 2950 traductum
456 2901 496 2940 est
503 2890 587 2942 enims

81 2970 257 3034 abstrahere,
271 2984 398 3032 avocare,
412 2979 539 3020 avertere.

118 3049 174 3119 845
196 3067 255 3122 sqq.
277 3047 316 3100 Sit
338 3046 427 3099 ethic
445 3046 520 3099 locus
538 3066 588 3119 pro

81 3131 209 3202 exemplo
230 3130 310 3181 varice
333 3127 395 3178 artis
416 3139 442 3177 et
460 3128 588 3192 rationis,

632 2021 668 2071 cf.
681 2021 739 2072 AEu.
755 2019 801 2071 lib.
821 2018 857 2069 111
872 2019 933 2068 Exc.
948 2018 997 2067 Vll
1011 2015 1045 2068 de
1062 2018 1131 2068 Har-

632 2101 709 2172 pyiis.
727 2101 797 2152 Nam
813 2099 874 2150 loca
892 2098 949 2149 AEn.
964 2098 1013 2163 VI,
1029 2095 1091 2166 257,
1106 2109 1133 2149 et

632 2180 734 2231 Lucani
747 2179 797 2243 VI,
816 2177 881 2248 733,
893 2194 1035 2248 perperam
1048 2174 1133 2227 addu-

633 2261 670 2310 cit
688 2270 734 2312 aut
751 2259 841 2329 potius
854 2256 937 2328 adigit
954 2255 988 2307 ad
1003 2255 1073 2307 hanc
1085 2275 1133 2307 nc-

632 2335 903 2391 tiouemlirmandam.
911 2335 978 2387 Vide
986 2335 1132 2388 nunchanc

632 2437 726 2470 cattum
736 2437 786 2490 pro
792 2418 917 2468 ministris
923 2415 1133 2487 appellationem

631 2498 711 2557 docte
739 2499 897 2551 illustratam
922 2498 950 2548 in
982 2495 1133 2548 Ruhnkenii

632 2581 715 2649 Epist.
730 2581 787 2630 crit.
799 2598 826 2648 p.
838 2577 886 2648 93,
897 2577 940 2645 94.
949 2577 1042 2646 Neque
1051 2579 1132 2628 etiam

634 2659 698 2709 alias
708 2657 801 2708 Furias
813 2657 932 2718 Plutoni,
943 2655 1008 2706 alias
1018 2655 1078 2706 Jovi
1089 2655 1134 2705 da·

633 2755 676 2804 re,
696 2735 744 2787 sed
758 2738 865 2808 poetica
880 2721 1068 2804 phantasmata
1084 2752 1132 2785 va·

633 2818 703 2868 riare
714 2816 829 2867 voluisse
845 2813 980 2886 putandus
999 2816 1085 2865 Maro.
1096 2845 1132 2856 -

635 2894 694 2962 845.
706 2894 1052 2967 coquominepromomine.
1060 2894 1132 2944 Dt'roe

634 2986 674 3026 est
682 2990 781 3023 nomen
790 2972 895 3023 illarum
905 2972 1033 3041 pestium,
1043 2971 1069 3022 h.
1081 2976 1134 3025 exi-

635 3055 763 3104 tiosarum
776 3051 895 3102 dearum.
908 3050 979 3102 Male
992 3050 1132 3103 Gramma-

634 3134 681 3183 tici
692 3133 795 3182 inverse
811 3129 936 3182 tradunt:
950 3129 985 3180 cf.
1003 3130 1051 3181 inf.
1070 3129 1129 3183 865.

83 3230 141 3282 qua
150 3223 238 3282 poete
246 3209 351 3262 fabulas
362 3209 500 3278 antiquas,
510 3208 589 3259 iuter·
633 3212 784 3264 substitutae
800 3211 850 3262 illae
869 3229 885 3262 a
900 3221 981 3281 poeta
996 3210 1048 3266 esic
1065 3211 1135 3274 nepot

84 3314 139 3367 que
152 3312 199 3346 eas
216 3293 245 3346 id
262 3293 383 3364 inprimis
397 3307 494 3362 genus,
515 3290 589 3359 quod
634 3311 692 3363 quae
714 3303 897 3346 memorantur
924 3307 1031 3361 quoque
1059 3291 1134 3364 apud

85 3373 267 3446 symbolicum
276 3388 303 3426 et
312 3371 589 3444 allegoricumabori·
633 3373 763 3440 Quintum
784 3372 823 3436 Il,
847 3369 912 3439 509,
931 3369 983 3434 ΙΙΙ,
1004 3369 1046 3436 44.
1065 3369 1131 3440 'Apul

83 3456 149 3526 gine
161 3453 227 3518 fuit,
241 3466 364 3506 tractant.
377 3453 416 3504 De
428 3453 515 3503 Furiis
524 3470 589 3522 poe·
634 3464 695 3504 sunt
707 3471 750 3524 ap.
763 3450 878 3522 AEschpl.
890 3451 998 3501 Eumen.
1012 3450 1073 3516 420.
1084 3471 1133 3524 qe·

83 3547 144 3586 tam
168 3551 260 3602 agere,
280 3529 396 3586 dubitari
414 3535 515 3603 nequit.
537 3531 589 3584 Sed
634 3535 791 3584 mitte—et
807 3530 948 3602 Meqoerem
964 3550 971 3578 .·
990 3528 1075 3583 Docte
1094 3534 1133 3584 sie

87 3630 174 3683 quum
193 3629 284 3662 esrum
303 3603 379 3664 sedes
400 3612 466 3664 alias
488 3614 541 3664 sint
562 3613 590 3662 in
634 3611 747 3664 variavit
760 3622 854 3680 poeta,
868 3607 942 3679 quod
957 3609 1036 3682 vulgo
1054 3623 1131 3662 erat:

84 3693 218 3754 Tartaro,
235 3689 329 3742 saltem
340 3691 368 3740 in
381 3689 500 3742 Plutonis
516 3693 589 3763 regia
633 3689 699 3742 Sunt
708 3703 761 3741 tres
770 3691 848 3740 Dirte.
858 3689 925 3740 Tum
936 3707 1017 3740 unum
1027 3703 1131 3742 tantum

82 3771 130 3824 ·vel
139 3772 168 3822 in
177 3769 458 3834 adituiuferorum,ut
466 3771 587 3835 V1,280.
633 3788 730 3821 nomen
745 3770 837 3840 ponit;
862 3770 941 3821 etiam
956 3768 1008 3820 hoc
1023 3783 1133 3841 poetam

88 3868 163 3902 nuuc
177 3850 205 3901 in
216 3850 289 3901 Jovis
301 3847 351 3900 illae
364 3847 496 3900 vestibulo
509 3867 589 3901 excu-
634 3847 754 3902 decebat.
762 3849 856 3902 Alecto
867 3860 893 3900 et
899 3848 1063 3920 Tisiphonen
1072 3851 1132 3919 quis

89 3929 166 3982 bant.
184 3929 267 3981 Servii
284 3928 312 3981 h.
331 3926 349 3979 l.
369 3940 395 3980 et
414 3925 449 3980 sd
467 3929 514 3991 111,
539 3945 589 3999 ²⁰9
633 3947 689 3980 nou
701 3928 780 3980 facile
797 3928 903 3999 supplet
921 3930 1026 3980 animo?
1041 3929 1135 3979 Noctis

92 4008 283 4062 commentede
293 4007 390 4082 triplici
396 4009 535 4062 Furiarum
544 4027 592 4082 po·
626 4005 703 4083 filias
714 4009 806 4062 Furias
822 4008 864 4062 vel
879 4007 1038 4062 Eumenides
1051 4010 1136 4066 etiam
