2690 4598
224 325 274 413 P.
310 323 609 415 VIRGILII
639 325 944 418 MARONIS

366 591 813 728 AENEIDOS

319 833 541 1007 ainau
578 905 855 1019 Nouus

72 1221 1106 1268 mmmmmwwnwtmsmmmmwwvmmmm

9 1187 11 1286 l

414 1463 763 1528 ARGUMENTUM.

74 1673 229 1776 Assum
240 1716 351 1788 AEnea,
361 1707 394 1774 et
403 1716 435 1772 in
445 1708 792 1798 Tusciaeonqu'irend'is
804 1717 927 1780 auxiliis
938 1741 1108 1808 occupato,

73 1805 189 1863 Turnus
203 1825 221 1862 a
233 1805 359 1862 Juuone
373 1823 430 1882 per
441 1802 556 1862 Itidem
571 1803 764 1881 admonitus,
782 1825 821 1863 ne
837 1819 956 1867 tantam
971 1815 1015 1870 rei
1028 1812 1109 1880 bene

75 1891 211 1970 gerendae
224 1893 423 1950 occasionem
438 1892 611 1966 amitteret,
627 1913 720 1972 quam
737 1895 878 1973 proxime
891 1895 930 1954 ad
942 1896 1048 1960 hostes
1060 1923 1111 1970 oo-

74 1981 137 2058 pias
150 1978 400 2039 admovet-32.
415 1978 477 2054 Qui
490 2000 587 2059 quum
602 1982 666 2038 suis
682 2001 714 2038 se
729 1982 882 2040 moenibus
898 1989 1111 2066 continerent,

9 2109 10 2114 κ
74 2087 170 2148 neque
181 2087 273 2148 aequo
283 2065 355 2126 loco
365 2065 502 2125 facerent
512 2066 684 2126 dimicandi
694 2082 898 2148 potestatem,
909 2084 943 2130 ut
953 2073 1015 2133 illis
1023 2096 1111 2156 spem

9 2167 10 2182 ³
75 2177 195 2216 omnem
217 2154 298 2236 fugae
318 2153 553 2230 intercluderet,
570 2153 702 2214 classem
724 2175 850 2215 exurere
867 2174 1049 2219 conatur—
1062 2164 1109 2245 76.

73 2247 145 2305 Erat
155 2245 261 2310 classis
273 2244 415 2322 Trojanae
427 2243 557 2303 materia
570 2264 606 2302 ex
617 2243 706 2304 idaeae
718 2247 827 2304 matris
840 2245 912 2306 luco
925 2268 1003 2309 caesa
1015 2273 1022 2308 :
1036 2269 1112 2334 qua-

74 2347 200 2414 propter
219 2332 328 2390 matris
347 2331 490 2411 precibus
509 2329 662 2392 adductus
681 2333 805 2411 Jupiter
822 2354 916 2394 naves
938 2356 1046 2398 omnes
1065 2342 1111 2400 in·

73 2421 180 2480 cendio
191 2421 323 2501 eripuit,
342 2433 373 2478 et
389 2421 422 2478 in
438 2419 569 2479 totidem
582 2418 742 2501 Nymphas
755 2425 892 2482 marinas
907 2429 1061 2487 convertit
1072 2463 1111 2476 -

75 2509 1110 2590 122.Postbaec,imminentejamnocte‚Tarnusadversushostium
1169 2581 1173 2589 ,

74 2602 250 2682 eruptiones
259 2598 298 2656 ad
306 2598 415 2679 oppidi
427 2613 549 2679 portam
559 2598 702 2658 excubias
710 2597 866 2680 disponit:
880 2604 918 2662 iis
929 2605 1110 2688 Messapum

73 2686 199 2768 praeficit
208 2721 248 2733 -
261 2687 324 2768 167.
339 2687 468 2745 Interim
478 2678 730 2746 consultantibus
742 2688 950 2767 Trojanorum
961 2692 1111 2766 ducibus,

74 2795 238 2856 quemnam
256 2776 455 2855 potissimum
472 2774 511 2833 ad
528 2776 655 2834 AEneam
669 2775 842 2852 mitterent,
860 2781 914 2859 qui
930 2780 968 2838 de
983 2801 1110 2840 suorum

9 2855 10 2858 ¹
75 2861 211 2944 periculo
223 2881 295 2920 eum
304 2860 422 2921 faceret
435 2863 613 2934 certiorem3
628 2861 711 2920 ultro
724 2881 790 2921 eam
805 2868 1002 2944 provinciam
1015 2871 1113 2926 susci·

73 2952 162 3032 piunt
175 2951 268 3010 Nisus
284 2962 314 3008 et
329 2951 497 3032 Euryalus,
515 2949 805 3030 conjunctissimum
825 2955 996 3012 amicorum
1009 2976 1111 3034 par-

75 3035 145 3097 313:
164 3040 220 3120 qui
232 3058 328 3119 quum
339 3037 415 3098 urbe
425 3040 531 3098 emissi
542 3037 682 3096 hostium
693 3039 838 3098 excubias
850 3041 922 3098 vino
937 3061 1111 3124 somnoque

74 3123 200 3187 obrutas
222 3125 445 3201 offendissent,
466 3122 671 3186 Rhamnetem
692 3147 763 3184 cum
784 3147 899 3206 magno
922 3129 1111 3192 Rutulorum

73 3237 203 3280 numero
220 3216 393 3289 trucidant,
412 3237 581 3296 eorumque
598 3235 630 3273 se
642 3213 749 3294 spoliis
761 3231 956 3275 exornant-
968 3219 1035 3278 366.
1053 3221 1111 3280 Ve-
1151 3213 1152 3216 ¹

68 3323 140 3362 -rum
154 3323 268 3384 quum,
284 3304 421 3362 instante
434 3304 499 3382 jam
515 3302 600 3376 luce,
615 3323 648 3360 se
662 3303 799 3382 recipere
816 3317 982 3379 conantur,
1005 3328 1020 3365 a
1039 3309 1112 3368 Vol·

71 3393 180 3451 scentia
195 3387 355 3470 equitibus
367 3391 540 3472 conspecti,
559 3389 599 3448 ad
614 3388 704 3449 silvas
716 3389 913 3470 confugiunt.
929 3391 977 3452 lbi
992 3396 1110 3478 Eurya-

74 3475 135 3554 lus,
154 3499 315 3539 armorum
333 3481 473 3560 pondere
493 3482 613 3562 viaeque
633 3499 735 3538 errore
754 3479 938 3560 impeditus,
955 3485 987 3542 in
1009 3484 1111 3547 hostes

73 3565 196 3642 incidit,
213 3580 244 3627 et
261 3588 279 3626 a
296 3567 475 3644 Volscente,
494 3568 608 3626 frustra
625 3567 810 3650 deprecante
826 3571 914 3644 Nise,
929 3571 1112 3635 confoditur

72 3653 183 3738 4137·
192 3649 285 3715 Nisus
297 3677 438 3736 quoque,
449 3677 527 3716 caeso
537 3656 710 3732 Volscente,
721 3671 750 3716 et
759 3658 883 3738 Euryali
900 3670 973 3720 n'ece
985 3677 1111 3724 strenue

72 3741 242 3818 vindicata,
264 3743 373 3803 multis
391 3743 572 3804 vulneribus
592 3745 756 3804 confossus
775 3765 867 3826 super
886 3750 976 3808 amici
998 3772 1110 3833 corpus

71 3827 331 3904 concidit-[445.
349 3829 474 3911 Capita,
495 3829 589 3890 hastis
608 3831 716 3906 affixa,
735 3834 767 3903 in
786 3846 885 3892 castra
905 3833 1109 3900 deferuntur:

71 3912 127 3974 ubi
145 3937 163 3974 a
177 3917 322 3998 Trojanis
341 3939 357 3977 c
377 3918 533 3978 moenibus
553 3923 658 4000 agnita
674 3922 830 4000 ingentem
850 3923 882 3980 in
900 3924 975 3985 urbe
990 3925 1110 3988 luctum

70 4005 328 4069 excitant-502.
338 4006 468 4068 Interim
477 4011 599 4072 Turnus
609 4011 681 4069 totis
690 4009 808 4070 viribus
818 4009 920 4078 hostes
930 4028 1107 4094 oppugnat:

135 4101 163 4172 4.
857 4159 862 4166 ,
920 4123 930 4156 t
