2718 4594
231 329 295 398 31⁰
477 309 1028 394 numerumnunerum

231 450 441 518 Gramineus:
454 450 507 516 alii
522 450 717 539 fontemque
729 449 909 539 ignemque
922 451 1088 533 ferebant,

230 557 336 621 Velati
349 557 443 636 limo,
457 572 489 620 et
501 555 646 620 verbena
657 573 808 644 tempora
819 557 931 622 vincti.

230 661 383 728 Procedit
394 662 480 750 legio
492 661 714 741 Ausonidum,
728 662 895 752 pilataque
907 663 1015 752 plenis

264 839 439 904 119.fontesqne
445 838 534 884 Zuliclr.
542 837 633 903 Alione
643 841 715 903 &nem
715 837 849 903 fontemque
855 839 926 885 Leidt
933 838 1048 904 parabunt
1053 838 1126 886 Goth.
1134 851 1226 886 tert-
1234 857 1284 888 rao.

231 912 362 974 legebatur
369 911 446 956 Veluti
452 910 504 957 lino.
512 911 676 957 Adbaecverba
684 911 968 958 HeinsiosetBurmannos
975 913 1287 976 expectabamdisputanten

231 983 273 1028 sed
283 980 342 1029 alter
351 982 381 1028 ad
390 983 495 1029 Servium
507 984 622 1036 remittit,
632 980 691 1028 alter
703 993 771 1027 tacet.
786 981 881 1044 Subjeci
893 985 942 1045 jam
956 985 1178 1045 interpretationem
1190 982 1286 1045 vulgate

231 1055 352 1110 lectionis,
366 1054 441 1118 qualis
455 1053 495 1100 illa
505 1055 648 1100 instituenda
656 1055 693 1099 sit.
706 1055 740 1099 De
752 1053 840 1111 infula,
853 1070 895 1100 teu
906 1057 962 1102 vitta
973 1068 1007 1101 est
1018 1055 1236 1120 accipienda;·qua
1248 1071 1287 1100 ve·

232 1125 276 1173 luri
289 1130 357 1174 toties
372 1127 482 1174 dicuntur
495 1129 537 1191 qui
550 1129 626 1174 vittati
640 1137 701 1172 sunt.
716 1126 851 1172 Consonant
867 1143 907 1183 ea,
922 1143 974 1191 quae
988 1141 1137 1191 sequuntur:
1153 1137 1177 1172 et
1193 1128 1288 1176 verbena

234 1207 332 1261 tempora
346 1201 416 1243 vincti
424 1214 432 1244 .-
451 1210 476 1242 ut
491 1200 547 1243 vitta
564 1197 686 1252 verbenis,
703 1211 744 1243 eeu
760 1196 839 1243 herbis
849 1200 918 1243 sacris
932 1197 1046 1260 implicita
1058 1199 1140 1244 fuerit.
1156 1199 1288 1245 Occurrunt
1346 1185 1347 1202 ¹

233 1283 329 1332 quoque
344 1284 436 1314 coronae
449 1271 574 1330 gramineae
585 1269 609 1314 in
625 1269 782 1320 monumentir
796 1279 911 1320 veterum.
924 1269 977 1318 «lam
988 1270 1099 1318 Servius:
1117 1269 1225 1332 «Atqui,
1239 1283 1287 1314 mo·
1346 1305 1347 1338 ἦ

235 1360 246 1381 ι
255 1353 308 1396 net,
329 1340 431 1386 Fecialet
450 1353 473 1386 et
491 1341 560 1386 Pater
571 1352 688 1403 patratus,
702 1356 746 1404 per
757 1355 817 1404 quoe
826 1338 902 1397 bella,
916 1339 955 1387 vel
969 1340 1057 1386 loedera
1071 1340 1287 1397 confirmabantur,
1346 1383 1347 1390 ,

235 1433 246 1454 ι
255 1429 375 1475 nunquam
390 1413 516 1458 utebantur
529 1412 632 1458 vestibus
643 1411 720 1460 lineis.
731 1432 742 1454 ι
755 1417 882 1474 Argutatur
893 1412 949 1458 inde
959 1411 1045 1469 multa,
1057 1425 1084 1458 ut
1095 1413 1157 1459 solet
1168 1413 1289 1459 Gramma-

233 1486 304 1540 ticus,
317 1486 405 1546 inepte.
419 1485 506 1528 Verum
515 1498 559 1528 uec
570 1483 599 1527 de
609 1482 696 1528 Feeiali
708 1485 777 1543 (nam
788 1485 865 1545 prisca
875 1496 929 1530 aetas
938 1499 1070 1546 praecones,
1081 1479 1194 1546 aripenne,
1204 1483 1289 1530 babet:
1346 1483 1347 1514 l

232 1568 259 1601 ut
270 1557 295 1601 in
308 1555 390 1600 eodem
402 1554 456 1600 loco
467 1555 561 1600 Homer.
573 1553 641 1600 Iliad.
655 1569 686 1614 p,
704 1555 747 1600 116
762 1556 814 1618 sq.)
832 1571 876 1602 nec
893 1555 923 1604 de
938 1565 999 1602 vesle
1012 1555 1071 1601 lineo
1088 1555 1128 1602 hic
1143 1559 1235 1618 agitur,
1248 1555 1289 1601 sed
1346 1587 1347 1618 3

235 1625 265 1672 de
274 1627 386 1672 ministris
399 1641 530 1680 sacrorum,
543 1625 606 1671 etde
619 1627 689 1672 vittis.
699 1627 750 1676 lam
763 1639 842 1674 autem
853 1628 929 1674 fateor
937 1631 1016 1674 vittam
1024 1626 1106 1672 linteum
1114 1627 1174 1673 milri
1183 1627 1288 1674 nondum
1346 1621 1347 1652 t

234 1695 339 1742 auditam
353 1711 410 1742 esse.
422 1695 498 1740 laneo
510 1706 545 1740 est
553 1697 621 1748 vitto,
636 1691 723 1757 infula
743 1699 820 1758 potuit
838 1713 934 1760 quoque
945 1710 1015 1760 poeta
1036 1695 1115 1742 Veluti
1128 1695 1183 1742 luno
1197 1696 1288 1743 dicere:

231 1765 275 1814 red
289 1763 314 1809 id
328 1767 353 1810 in
366 1763 411 1811 lino
423 1768 461 1812 vix
475 1777 612 1827 corruptum
626 1780 675 1812 esse
687 1767 772 1828 potuit.
783 1767 904 1814 Linemm
916 1781 1006 1824 autem,
1020 1783 1064 1814 seu
1081 1767 1224 1825 linteorum,
1239 1781 1287 1812 ves·

232 1840 289 1883 tium
298 1852 352 1882 usus
363 1835 438 1881 inulto
449 1838 520 1897 magis
530 1853 543 1881 a
553 1848 631 1882 vetere
643 1835 758 1899 religione
768 1837 860 1886 alienun
872 1851 921 1892 est,
937 1851 963 1886 ut
975 1840 1086 1903 Egyptiis
1097 1841 1169 1884 sacris
1180 1840 1289 1901 proprius

233 1907 326 1954 babitus
340 1909 377 1954 rit.
393 1909 463 1954 Recte
472 1910 505 1954 sic
517 1906 588 1954 Silius
599 1908 644 1963 lll,
657 1908 686 1966 24
700 1910 725 1954 in
739 1907 854 1972 religione
865 1910 973 1958 Herculio
985 1909 1110 1956 Gaditani:
1122 1909 1231 1956 velantur
1240 1923 1288 1955 cor·

232 1996 289 2043 pora
304 1978 349 2026 lino
368 1981 401 2024 Et
413 1978 531 2024 Pelusiaco
547 1977 669 2042 proefirlpet
688 1983 784 2030 stamine
797 1988 883 2028 vertex.
903 1981 1031 2026 Audiamus
1042 1983 1092 2042 jam
1106 1981 1289 2026 Grammaticos:

236 2054 332 2114 «Caper
344 2063 368 2098 et
379 2053 483 2115 Hyginus
497 2051 542 2096 boe
557 2049 610 2097 loco
625 2049 707 2099 dicunt
718 2051 845 2100 lectionem
864 2067 913 2098 esse
932 2063 1079 2114 corruptam
1093 2067 1147 2096 nam
1164 2051 1288 2114 Virgilium
1346 2047 1347 2056 ¹

237 2125 288 2168 «ita
300 2121 423 2184 reliquisse
436 2121 590 2167 confirmant:
608 2119 686 2166 Vrion·
697 2120 766 2167 limo:
781 2121 850 2168 limus
865 2133 942 2168 autem
962 2133 996 2167 est
1014 2123 1096 2178 vestie,
1108 2137 1154 2184 qua
1169 2121 1200 2166 ab
1215 2121 1290 2166 umbi-

236 2214 247 2233 «
257 2192 304 2238 lico
321 2207 395 2254 usque
411 2193 441 2237 ad
457 2192 529 2254 pedes
541 2203 653 2254 teguntur
668 2191 781 2255 pudenda
799 2208 928 2256 poparum
945 2191 994 2237 baec
1006 2203 1084 2236 autem
1099 2193 1170 2236 vestis
1180 2191 1253 2236 babet
1266 2193 1291 2236 in
1346 2203 1347 2260 i

237 2274 362 2313 «extremo
375 2264 411 2307 sui
425 2277 554 2324 purpuram
571 2259 659 2317 uniam,
679 2262 725 2307 boc
742 2273 776 2308 est
789 2261 931 2318 flexuosam,
948 2260 1011 2307 unde
1026 2273 1048 2306 et
1063 2261 1151 2307 nom'en
1169 2262 1289 2322 accepit.»

234 2330 372 2393 Expeditum
381 2343 487 2376 tenemus
500 2347 558 2376 rem.
574 2331 657 2392 Agitur
667 2331 697 2378 de
708 2347 826 2378 sacrorum
836 2334 961 2387 ministris,
974 2333 1109 2377 victimariis
1120 2343 1145 2376 et
1155 2333 1239 2392 popis,
1250 2331 1291 2393 qui
1346 2363 1347 2366 η

235 2417 299 2448 sacra
311 2400 448 2448 adducunt:
459 2398 503 2445 bes
515 2416 543 2446 er
552 2402 657 2448 Romano
667 2417 744 2459 more,
757 2419 827 2466 quem
839 2421 862 2450 v.
878 2420 900 2448 c.
912 2406 938 2449 in
947 2405 994 2448 'liti
1006 2417 1063 2447 arcu
1071 2416 1215 2464 cognoscere
1223 2401 1290 2457 licet,
1346 2441 1347 2444 ,

234 2475 276 2520 ubi
290 2475 388 2521 victimae
400 2473 534 2528 ducuntur,
548 2484 618 2534 poeta
633 2473 727 2520 exbibet
739 2474 888 2530 seminudos,
901 2474 956 2522 licio
970 2473 1081 2536 pudenda
1090 2476 1242 2536 praecinctos,
1255 2475 1293 2518 eui

234 2559 322 2591 nomen
335 2543 381 2589 luit
395 2541 452 2599 umi,
469 2558 511 2590 seu
524 2543 590 2606 quod
606 2555 762 2592 transvertum
775 2547 904 2592 femoribus
919 2558 1029 2608 tanquam
1043 2543 1159 2610 empulnm
1175 2543 1291 2606 implicari

235 2613 336 2670 solebat,
350 2614 530 2676 seua'purpura
540 2625 681 2672 transversa,
691 2632 744 2680 que
758 2617 874 2662 ambiebat
890 2616 935 2662 hoc
950 2613 1086 2678 cingulum,
1101 2627 1127 2660 ut
1142 2613 1292 2660 Grammatici

235 2687 339 2737 tradunt.
353 2687 441 2732 Limum
451 2687 513 2730 euim
527 2701 571 2746 pro
582 2685 680 2750 obliquo
690 2686 780 2734 dictum
794 2702 857 2744 esee,
871 2699 927 2734 neta
940 2702 978 2733 res
990 2696 1024 2732 ert
1038 2685 1075 2732 vel
1090 2701 1118 2732 ex
1126 2686 1235 2731 Terentii
1243 2685 1292 2728 Eu-

236 2758 330 2805 nucho:
345 2773 384 2821 eqo
397 2755 454 2804 limis
468 2757 581 2819 adspecte-
596 2757 671 2804 Simili
683 2759 754 2806 modo
764 2761 883 2822 praecincti
895 2775 991 2823 quoque
1004 2770 1071 2804 eraut
1080 2759 1141 2805 uerri
1153 2756 1257 2820 publici,
1266 2765 1293 2800 ut

235 2845 264 2875 er
276 2827 354 2875 Gellio
367 2829 421 2884 xli,
440 2827 461 2873 3.
481 2839 583 2883 constat,
601 2841 624 2874 et
635 2831 732 2876 omnino
748 2831 809 2877 servi
827 2829 939 2892 subligar-i
958 2844 1000 2875 seu
1015 2825 1178 2890 subligaculo:
1193 2841 1249 2871 nam
1263 2840 1291 2870 ee

235 2899 330 2946 tandem
342 2902 390 2962 ipsa
405 2899 452 2944 limi
462 2902 528 2944 notio
541 2899 619 2946 redit:
633 2899 759 2964 περίζωμα.
780 2903 819 2948 Est
837 2902 897 2948 adeo
913 2899 983 2946 velati
1000 2897 1066 2955 limo,
1085 2897 1201 2960 subligari
1213 2899 1291 2943 cincti.

236 2969 346 3033 Neglecta
361 2971 407 3016 iuit
419 2970 469 3016 haec
480 2969 551 3016 lectio
565 2971 595 3016 ab
607 2971 675 3028 edd,
687 2975 732 3018 nisi
746 2972 811 3035 quod
826 2975 851 3019 in
868 2974 972 3035 margine
986 2967 1099 3032 Stephani
1115 2979 1245 3014 memorata
1259 2977 1292 3012 err

236 3059 264 3088 ex
278 3043 366 3088 Servio.
381 3043 449 3086 Nunc
460 3039 530 3086 video
543 3039 595 3087 lieno
606 3043 675 3091 etiam
687 3058 736 3089 esse
746 3045 875 3105 repositum
885 3045 911 3087 in
923 3041 961 3087 ed.
975 3037 1149 3102 Cuningbami:
1164 3051 1210 3083 nec
1228 3036 1289 3082 idem

236 3129 299 3159 nunc
311 3115 377 3176 sequi
390 3112 505 3159 dubitarit
513 3113 615 3159 Brunek.
628 3114 655 3158 ln
664 3113 711 3160 line
723 3130 820 3161 versus:
832 3125 931 3179 temporo
940 3115 1008 3159 cincti
1021 3110 1081 3174 alter
1092 3109 1175 3155 Hamb.
1186 3125 1232 3172 pro
1242 3125 1288 3154 var.

235 3181 290 3228 lect.
301 3185 385 3244 compti
392 3181 462 3229 Goth.
476 3193 530 3228 tert.
542 3207 574 3220 ·-·
588 3197 638 3228 ror.
650 3184 763 3230 Processit
773 3184 864 3232 Zulicb.
874 3185 1003 3232 Ausonium
1013 3182 1080 3227 Rom.
1090 3181 1119 3241 lu
1126 3177 1239 3226 Mediceo
1246 3175 1294 3242 pila

238 3335 281 3372 tur
293 3322 412 3387 Servius,
425 3322 512 3374 Julius
524 3323 638 3378 Sabinus
647 3338 675 3378 et
684 3325 739 3378 alii.
784 3327 859 3378 Festa
875 3324 971 3378 debinc
986 3323 1076 3378 mediis
1092 3322 1188 3376 ineunt
1204 3321 1290 3374 conci·

236 3403 266 3452 ln
276 3419 338 3465 ara,
352 3419 409 3470 quae
417 3401 468 3452 hoe
475 3402 535 3454 loco
544 3423 558 3454 e
567 3406 667 3475 cespite
674 3406 740 3468 luit,
784 3409 827 3460 vta
840 3405 912 3461 netis
925 3406 1130 3474 communesque
1144 3411 1241 3452 vocant
1251 3419 1289 3452 su·

236 3492 303 3551 puta
315 3497 371 3539 esse
382 3481 495 3550 focum,
507 3485 554 3554 qui
570 3484 657 3557 ignem
673 3487 741 3538 reoi-
781 3501 983 3556 peres-120.
1004 3483 1178 3554 Legebatur:
1206 3479 1290 3532 Vehiri

238 3560 286 3628 pit.
295 3557 438 3610 Diiautem
446 3577 607 3634 communes,
614 3581 741 3635 perqnoe
784 3563 857 3616 lino.-
871 3565 938 3616 vitta
955 3564 1026 3616 linea
1043 3562 1141 3626 cincti,
1159 3563 1205 3612 cui
1217 3562 1291 3612 fron-

237 3638 344 3706 utrique
361 3638 476 3704 juraturi
497 3653 573 3695 erant
588 3641 697 3696 Latinus
712 3656 740 3696 et
784 3643 832 3695 des
848 3661 930 3696 saorae
946 3653 1023 3694 eraut
1038 3640 1184 3711 implicitae.
1201 3642 1291 3694 Feria-

238 3716 489 3778 AEneas3utinloco
502 3720 646 3789 Propertii,
659 3723 685 3787 l,
698 3739 739 3788 rr,
785 3723 824 3775 les
836 3722 986 3794 descriptos
998 3721 1101 3772 volunt.
1114 3720 1167 3772 Sed
1176 3721 1214 3772 cf.
1226 3723 1288 3773 Var.

242 3795 286 3858 16,
300 3792 347 3844 ubi
359 3794 450 3863 puella
460 3795 562 3870 perfida
578 3819 633 3861 nou
646 3805 741 3856 menri·
787 3803 946 3858 Leontinus
955 3817 995 3856 est
1004 3801 1149 3873 subligare‚
1158 3803 1291 3871 περίζωμα,

237 3876 277 3925 nit
291 3889 441 3925 communes
457 3875 523 3926 deos.
546 3877 642 3950 Sicque
659 3899 743 3952 supra
788 3901 842 3953 quo
851 3884 1012 3937 oinotierant
1019 3881 1135 3932 ministri
1142 3899 1290 3934 sacrorum,

237 3953 283 4004 lib.
302 3953 380 4016 Vlll,
398 3952 448 4021 275
463 3970 680 4031 communemque
694 3980 741 4013 vo·
825 3977 883 4016 lar.
893 3960 980 4033 pilata
992 3959 1118 4032 agmina,
1134 3961 1199 4031 pilis
1207 3981 1293 4014 arma-

238 4031 468 4084 medaucum.
479 4034 741 4107 valer.rl.1v‚761.
788 4053 823 4093 ta.
835 4043 918 4096 Recte
930 4042 983 4096 boc
995 4057 1131 4094 armorum
1143 4059 1230 4112 genus
1241 4043 1293 4095 Ro·
