2718 4594
326 285 564 352 iunmnos
586 289 740 354 uranu
762 292 852 366 xit
1046 300 1110 387 307

75 408 164 489 Exin,
178 431 253 499 quae
264 408 383 474 mediis
396 409 522 498 ingenti
533 409 652 476 adnisa
663 415 826 480 oolumuae

75 513 204 582 AEdibus
216 515 380 598 adstabat3
392 516 535 582 validam
547 518 581 582 vi
593 519 735 609 conripit
747 521 895 604 hastam„

74 622 194 686 Actoris
206 624 352 687 Aurunci
364 624 522 712 spolium,
537 641 739 715 quassatque
748 644 959 712 trementem,

74 728 280 794 Vociferans:
297 731 433 810 «Nune,
448 753 468 794 o
481 754 653 820 nunquam
665 732 819 800 frustrata
830 753 965 802 vocatus
1070 747 1113 814 '9⁵

76 833 170 899 Hasta
181 857 289 915 mem,
302 857 392 902 nunc
404 852 536 925 tempus
548 835 656 918 adest3
670 854 702 903 te
714 840 874 906 maximus
886 845 999 924 Actor,

72 939 119 1004 Te
130 943 234 1005 Turni
246 964 336 1006 nunc
348 939 462 1007 dextra
474 945 558 1030 gerit
570 966 576 1006 :
591 943 634 1010 da
646 960 792 1010 sternere
805 968 949 1036 corpus¹
999 1015 1001 1020 ,

75 1047 287 1137 Loricamque
300 1071 401 1113 manu
413 1048 523 1114 valida
533 1049 677 1116 lacerare
690 1052 853 1116 revolsam

73 1152 217 1218 Semiviri
228 1152 381 1243 Phrygis,
396 1169 429 1220 et
440 1153 566 1220 foedare
579 1157 613 1221 in
625 1157 763 1246 pulvere
775 1158 874 1223 crinis

72 1259 219 1326 Vibratos
231 1259 340 1324 calido
353 1260 442 1326 ferro
454 1261 655 1351 myrrhaque
667 1261 866 1328 madentis.»
1075 1299 1119 1333 ω..

74 1365 128 1430 His
139 1367 246 1455 agitur
257 1365 367 1444 surim,
381 1382 519 1456 totoque
531 1366 678 1434 ardentis
688 1368 732 1432 ab
745 1391 803 1433 ore

72 1470 220 1536 Scintillae
231 1471 411 1553 absistunt3
424 1472 529 1538 oculis
541 1472 641 1540 micat
651 1473 783 1540 acribus
795 1473 891 1562 iguis.

72 1655 290 1720 Montalls.fiaxerat
302 1657 363 1704 Ven.
378 1674 391 1704 a
406 1675 437 1706 m.
452 1675 488 1724 pr.
501 1686 532 1696 -
544 1675 582 1722 92.
595 1659 686 1708 Exhinc
697 1659 746 1707 duo
756 1661 841 1707 Moret.
854 1671 879 1707 et
888 1655 930 1706 Ed'.
943 1675 979 1724 pr.
991 1663 1118 1717 Burmann,

72 1731 95 1773 in
103 1731 176 1775 mediis
191 1741 244 1776 ante
259 1727 354 1786 iterna,
368 1729 472 1777 adversis
481 1730 555 1777 libris.
568 1731 651 1778 obnixa
660 1749 696 1796 pr.
709 1733 794 1780 Moret.
808 1731 913 1779 columna
921 1733 989 1780 multi
1000 1735 1079 1786 fletus.
1090 1767 1122 1779 ..-

71 1801 106 1861 93.
115 1805 197 1849 corruit
206 1804 282 1866 Bigot.
292 1825 324 1837 —-
335 1801 373 1863 94.
384 1802 535 1865 aristipos
547 1793 617 1849 eodil.
631 1815 654 1850 et
668 1804 722 1849 edd.
738 1815 807 1860 vett,
820 1804 885 1868 quod
900 1818 964 1852 recte
977 1822 1005 1852 ex
1016 1811 1122 1859 meliori.

69 1872 109 1919 bus
118 1873 268 1922 emendatum
276 1889 289 1919 a
298 1873 390 1930 Pierio,
400 1886 424 1920 et
431 1873 540 1929 Heinsio,
551 1885 575 1919 et
583 1874 613 1920 ah
624 1872 688 1932 aliis,
701 1874 752 1920 aliis
762 1876 787 1920 in
796 1873 861 1921 locis.
877 1873 979 1937 Respicit
989 1877 1066 1926 locum
1077 1884 1122 1928 Ju-

70 1945 140 1992 venal.
158 1947 203 1992 Sat.
223 1944 258 2004 ll,
271 1960 309 2006 99.
330 1961 381 1991 roo.
392 1969 425 1980 -
438 1945 476 2006 96.
491 1943 571 1990 Heius.
588 1947 697 2006 corrigit:
713 1960 775 1989 nana
793 1947 915 2007 (tempus)
933 1947 1000 2002 ades5
1015 1963 1042 1994 ut
1057 1953 1122 2014 apud

70 2016 162 2062 Statium
169 2015 245 2063 Theb.
257 2015 292 2071 X,
303 2012 348 2072 548
359 2011 414 2060 acles
425 2013 504 2060 emilii
511 2015 612 2060 dextera.
621 2014 772 2059 Commodius
782 2011 898 2059 laudasset
905 2029 957 2076 sup.
967 2013 1009 2061 lib.
1023 2017 1056 2076 X,
1067 2021 1120 2083 773,

71 2084 112 2147 774
123 2079 209 2134 Dextra
217 2095 282 2132 -et
294 2085 375 2142 mlum,
387 2086 450 2150 quod
462 2085 547 2130 missile
559 2082 629 2140 libro,
642 2083 710 2130 Nuus
722 2083 804 2130 adsint.
817 2085 906 2130 Auctor
918 2086 1039 2144 nonnulli;
1053 2094 1123 2138 etiam

70 2159 135 2206 Goth.
148 2172 200 2207 tert.
210 2159 267 2216 hic,
277 2170 301 2203 et
312 2176 334 2205 v.
347 2151 386 2219 94.
397 2181 429 2194 -
440 2174 480 2220 97.
490 2155 513 2204 d.
522 2160 597 2220 petit:
608 2165 751 2222 prostemere
760 2171 780 2201 c.
791 2155 861 2202 Goth.
872 2169 926 2203 tert.
935 2157 1012 2222 -98.
1023 2159 1123 2209 validam

71 2230 136 2277 Goth.
148 2244 201 2278 tert.
220 2229 335 2278 celebrare
351 2224 411 2275 alte'r
424 2229 531 2292 Menag„
546 2244 576 2274 an
592 2227 723 2274 terebrare?
740 2230 819 2291 inquit
832 2229 911 2274 Burin.
923 2255 955 2265 -
965 2246 1003 2293 99.
1018 2231 1126 2298 Semtfm

71 2300 160 2367 Plquii
173 2303 264 2350 Zulieh.
279 2319 291 2347 a
306 2318 338 2347 ua.
355 2318 391 2364 pr.
406 2299 501 2366 Pteyqii
514 2303 584 2348 etiam
602 2300 693 2364 aliquot
708 2301 818 2348 Pieriani.
831 2295 923 2364 foedare
943 2305 1001 2365 inp.
1018 2321 1038 2351 c.
1058 2302 1121 2353 conf,

70 2388 117 2435 sup.
129 2375 163 2430 Χ,
177 2375 232 2422 832.
242 2399 275 2410 -
287 2389 338 2420 roo.
348 2374 463 2436 crispatus
473 2375 558 2419 Moret.
572 2389 613 2436 qu.
623 2389 667 2435 pro
675 2372 723 2420 div.
733 2371 788 2417 lect.
794 2406 802 2428 ,
813 2373 878 2435 quod
887 2375 1122 2438 interpretamentum

70 2441 162 2494 alterius
170 2459 218 2500 ειη
231 2442 344 2502 vitiem,
353 2443 377 2489 lr.
390 2447 503 2507 crispatus
512 2439 657 2500 calamistro,
670 2439 873 2506 exponit'quoque
882 2445 984 2492 Servius.
995 2447 1026 2492 el.
1037 2449 1121 2496 Cerda.

70 2513 144 2560 Burro.
158 2520 274 2579 maraque
291 2513 377 2562 multi:
391 2514 475 2562 melini
487 2529 618 2580 murraque.
634 2514 715 2562 Medio
728 2524 752 2560 et
765 2514 831 2559 llom.
844 2529 962 2578 maraque.
971 2541 1004 2552 -·
1019 2532 1070 2566 iot.
1085 2520 1123 2566 Sia

71 2587 196 2647 opiturlirf.
210 2585 321 2650 loquentis
330 2584 359 2632 ab
368 2601 407 2634 orte
416 2586 502 2633 Mores.
518 2599 572 2634 tert.
590 2598 614 2632 et
628 2586 733 2632 Macroh.
750 2586 791 2642 1v,
808 2601 816 2632 t
824 2618 833 2641 ,
848 2583 908 2631 mala
921 2585 1079 2648 interpolatio.
1091 2611 1124 2627 -

75 2668 121 2702 toa.
135 2660 237 2704 existant
249 2657 317 2702 Rom.
329 2653 397 2704 Laid.
413 2667 437 2704 et
450 2655 557 2704 Parrhas.
571 2653 680 2702 absiliunt
691 2654 774 2702 llamh·
789 2668 835 2702 tte.
850 2665 874 2700 et
886 2669 930 2716 pro
942 2671 991 2702 var.
1005 2655 1061 2705 lect.
1073 2659 1124 2706 Ou-

72 2825 112 2865 tur
134 2816 188 2868 alia
211 2815 292 2868 aliam
312 2833 410 2886 squam
432 2815 574 2868 meliorent
616 2815 852 2866 intercessisse:v.
866 2831 926 2882 sup.
939 2809 1002 2864 Exc.
1016 2811 1051 2864 ad
1062 2814 1122 2882 vlt,

72 2893 573 2965 ostendierrumtemperandum(qep-
618 2893 684 2962 7³6,
696 2909 759 2963 pag.
779 2891 831 2959 393
847 2891 879 2942 Τ.
897 2892 942 2941 111.
962 2890 1005 2944 Ad
1023 2892 1066 2959 95.
1087 2894 1122 2962 96

70 2967 179 3034 μέσων,
193 2973 221 3026 ai
232 2971 280 3041 ’γὰρ
292 2967 351 3026 aits
363 2969 455 3042 vilipen
467 2993 495 3040 ys
507 2974 574 3044 (uon
619 2987 679 3042 sup.
692 2972 730 3035 X,
743 2970 804 3040 773.
819 2970 879 3039 774.
888 2985 973 3038 -99
991 2985 1049 3022 100.
1060 2973 1124 3022 Per-

71 3052 107 3122 at)
122 3049 205 3121 epe'r'ree
222 3053 274 3106 irai
288 3053 384 3128 Odyss.
401 3075 427 3116 r,
444 3054 512 3125 393)
529 3073 573 3108 ree
620 3062 702 3121 petua
712 3049 878 3119 iuTrojanos
888 3060 1017 3118 tanquam
1028 3048 1122 3104 molles

72 3145 110 3186 est
128 3134 284 3199 notissima,
306 3133 446 3188 observata
465 3153 574 3208 quoque
619 3128 743 3180 homines
752 3129 827 3197 jacta
838 3125 956 3198 probra:
975 3127 1047 3178 conf.
1061 3145 1120 3198 sup.

73 3211 155 3268 Plinio
164 3213 292 3280 XXXIV,
305 3231 326 3266 s.
337 3213 386 3280 41,
397 3215 436 3270 ita
447 3216 498 3266 isto
512 3216 575 3286 qui·
618 3210 671 3274 IV,
686 3206 736 3260 215
749 3225 824 3278 seqq.
839 3206 890 3278 IX,
902 3205 956 3272 (514
970 3223 1044 3278 sqq.,
1056 3225 1122 3278 par-

73 3289 132 3344 dem
152 3306 276 3365 respectu
301 3293 391 3366 Stygia
415 3312 488 3364 aqua
512 3314 574 3346 cum
618 3290 792 3344 timexlema
808 3288 842 3340 de
858 3288 1038 3356 Trojauorum
1054 3307 1123 3360 opu-

71 3371 186 3441 jutlicio‚
211 3393 244 3428 ao
264 3373 365 3428 dilectu
383 3378 472 3447 posita
487 3375 574 3430 videri
618 3372 721 3436 lentis,
747 3371 846 3440 partim
869 3387 902 3420 ex
924 3371 1121 3438 permutatione

74 3463 170 3519 potest.
618 3453 798 3522 Trojauoruro
812 3468 873 3502 cum
883 3447 1029 3520 Phrygibus
1039 3451 1121 3502 lacta.

107 3550 149 3601 9²·
168 3533 213 3603 93.
232 3533 275 3588 td
288 3536 384 3588 veteris
401 3536 450 3586 aeti
469 3553 573 3590 morem
618 3534 661 3586 An
679 3551 744 3584 vero
765 3549 855 3584 comas
873 3530 930 3599 jem
950 3527 1064 3602 Phryges
1082 3529 1123 3582 illl

74 3615 170 3666 onnia.
180 3634 205 3667 v.
218 3613 314 3688 Odyss.
324 3635 356 3677 a,
369 3616 571 3685 127.0f.Guett.
618 3613 772 3666 calamistro
785 3611 903 3680 crispare
915 3607 987 3660 soliti
1003 3609 1120 3680 fuerint,

75 3703 100 3741 et
115 3691 203 3748 cerda
223 3695 301 3748 edla.
323 3695 450 3765 1.-94.
471 3695 574 3750 Actoris
619 3712 652 3746 ex
669 3706 752 3764 poeta
769 3691 913 3762 probatum
932 3688 997 3742 dare
1017 3691 1119 3744 nolim:

75 3768 195 3824 Aurunci
213 3773 337 3845 spolium.
356 3773 450 3826 Actori
472 3775 575 3828 detrac-
619 3772 726 3826 videtur
734 3770 837 3824 heroici
848 3768 937 3820 saeculi
949 3786 1023 3821 more
1033 3769 1122 3822 desen·

76 3857 147 3911 ῑιιιιις
164 3870 198 3905 ne
217 3851 332 3906 dubios.
347 3851 494 3906 Commode
509 3872 573 3906 vero
619 3863 659 3918 to,
671 3852 713 3904 sui
720 3850 847 3920 temporis
860 3865 960 3898 morem
971 3847 1121 3901 substituis-

77 3945 174 3996 ponere
186 3934 275 4003 potuit
286 3944 368 4004 poeta
375 3924 388 3997 ‚¹
395 3918 497 3988 bellum
506 3934 575 3986 Tur·
620 3949 699 3984 se-
711 3947 768 3984 tor.
783 3945 840 3982 roa.
850 3929 890 3980 De
898 3929 938 3980 ira
949 3927 987 3978 nil
997 3928 1122 3998 frequen-

75 4025 111 4060 ιο
123 4028 184 4066 eum
191 4013 341 4083 Auruncis,
354 4014 443 4069 vicino
454 4013 575 4086 populo,
620 4012 673 4068 ,tius
683 4010 737 4064 hit:
750 4009 854 4081 preivit
863 4007 995 4059 Homerus
1005 4005 1079 4060 Iliad.
1094 4027 1119 4070 a,

899 4112 941 4150 2⁰.
