2736 4598
338 274 577 342 AENElDOS
600 277 755 340 LIBER
777 267 870 342 XI.¹
1047 284 1108 352 255

65 402 188 467 Horret
199 425 294 490 ager,
308 402 482 489 campique
494 400 592 464 armis
605 399 802 494 sublimibus
813 398 940 469 ardent.

64 511 215 574 Necnon
227 510 399 594 Messapus
412 522 540 584 contra,
555 506 746 595 celeresque
760 509 882 588 Latini,
919 541 922 552 ,

63 615 195 679 Etcum
208 614 309 678 fratre
323 615 438 691 Coras,
452 629 485 676 et
496 613 632 700 virginis
643 611 693 675 ala
706 612 863 693 Camillae,

63 719 204 784 Adversi
216 743 333 806 campo
346 717 520 807 adparent,
534 717 710 806 hastasque
722 719 867 784 reductis
1067 739 1111 786 605

55 824 273 890 ›Proteudunt
284 824 382 911 longe
396 823 532 903 dextris,
547 840 579 887 et
591 822 716 910 spicula
728 823 873 904 vibrant,

63 930 303 1019 Adventusque
315 929 438 1007 virum,
452 930 670 1018 fremitusque
682 927 824 994 ardescit
837 953 1009 1019 equorum.

65 1143 88 1176 et
95 1131 162 1177 Leid.
175 1133 183 1189 (
191 1147 244 1177 curn
254 1131 301 1176 Erf.
311 1132 319 1190 )
324 1164 331 1187 ,
339 1130 404 1193 quod
414 1131 489 1178 miuus
496 1129 603 1192 placere,
611 1131 719 1176 Heinsius
728 1143 815 1176 monet.
826 1147 945 1178 coenemus
951 1134 1025 1183 adhuc
1032 1141 1113 1194 Franr.

60 1208 109 1266 jour
122 1203 168 1249 late
178 1220 213 1266 pr.
225 1203 307 1248 llamh.
321 1228 352 1238 ·-
363 1201 417 1258 604.
433 1203 508 1248 Corax
520 1202 589 1247 Goth.
606 1218 652 1248 sec.
668 1214 691 1248 et
704 1201 753 1248 hic.
772 1203 801 1248 ef.
819 1204 873 1259 Vll,
888 1203 941 1265 672.
953 1231 984 1242 -
996 1210 1048 1258 605⁴
1059 1214 1114 1263 has,

66 1283 144 1337 tasque
158 1274 265 1320 reductas
276 1273 362 1320 Medic.
376 1289 388 1318 a
400 1289 431 1318 m.
441 1289 477 1335 pr.
491 1285 514 1318 et
525 1275 602 1335 Sprot.
615 1298 644 1308 -
657 1272 711 1318 606.
720 1274 973 1334 Protenduttt,potiores
984 1279 1054 1327 codd.
1064 1301 1116 1332 om-

63 1362 119 1403 nes,
129 1345 185 1392 edd.
195 1358 252 1392 vett.
260 1379 267 1401 ,
276 1357 371 1391 streete
383 1361 388 1389 :
401 1360 467 1400 nam,
482 1347 525 1390 etsi
534 1345 631 1390 reducta
643 1344 723 1389 dextra
734 1356 827 1390 tenetur
836 1344 913 1401 hasta,
925 1358 1002 1394 tamen
1017 1368 1043 1398 ea
1058 1372 1115 1417 pro.

65 1415 183 1471 tenditur,
195 1418 325 1478 prominet,
339 1417 446 1476 inprimis
461 1417 478 1460 si
497 1416 584 1478 cogites
604 1414 663 1458 infra
684 1414 785 1459 mediam
802 1415 850 1460 lere
870 1428 959 1477 partem
975 1435 1025 1466 eam
1043 1441 1114 1474 manu

63 1488 146 1532 teneri.
163 1487 312 1532 Proeteuduut
329 1489 398 1532 tacite
415 1488 533 1548 irrepsisse
549 1488 574 1532 in
591 1487 785 1531 Burmanniauam
798 1484 938 1538 editionem.
951 1504 999 1538 nou
1014 1497 1113 1544 consiliu

64 1569 187 1619 receptum
198 1557 299 1602 videtur.
310 1557 367 1601 Nam
384 1556 463 1602 Heius.
479 1572 527 1602 non
539 1556 646 1611 admisit,
664 1570 708 1600 nec
720 1554 781 1602 illud
792 1557 837 1600 nisi
847 1557 872 1600 in
883 1555 969 1604 Medic.
984 1577 996 1606 a
1015 1579 1046 1608 m.
1063 1549 1114 1628 pff

65 1641 112 1674 rum
124 1631 151 1674 in
163 1629 257 1689 Menaq.
277 1644 323 1674 sec.
342 1629 427 1674 Moret.
444 1640 497 1674 tert.
519 1640 542 1674 et
562 1626 628 1673 Leid.
642 1643 667 1672 sc
680 1625 769 1672 Zulich.
787 1629 875 1688 reperit
888 1630 1008 1691 scriptum.
1024 1636 1115 1686 Pierius
1172 1646 1176 1655 “

66 1711 143 1743 tamen
153 1699 250 1760 antiqua
262 1697 376 1759 pleraque
389 1697 528 1759 exemplaria
539 1700 571 1744 ita
580 1697 657 1759 legere
667 1699 713 1744 ait:
725 1713 769 1743 nec
779 1709 814 1743 ast
822 1714 864 1743 cur
873 1696 931 1743 illud
941 1715 984 1760 per
994 1717 1019 1750 se
1028 1707 1117 1768 impro-

64 1770 103 1816 ltet
112 1768 207 1832 aliquis.
221 1771 278 1816 Nam
287 1770 438 1832 praetendere,
450 1765 588 1830 upocsitut,
602 1769 632 1813 ad
646 1767 707 1814 idem
720 1769 769 1814 lere
781 1768 890 1814 redeunt.
904 1771 1029 1832 Projt'ct'urtt
1043 1778 1114 1826 Goth.

63 1855 107 1886 sec.
120 1840 229 1886 Tandem
245 1838 329 1884 librant
347 1839 519 1886 emendandum
535 1854 583 1885 esse
595 1841 741 1900 pronuntiat.
750 1841 787 1884 Jo.
799 1838 921 1884 Schrader.
938 1842 995 1888 Nam
1009 1847 1115 1893 nondum

65 1912 186 1966 emittunt,
197 1911 304 1973 adeoque
314 1926 358 1956 nec
367 1910 465 1956 vt'ltraut.
475 1910 554 1956 Herm.
566 1911 666 1955 Araxen.
679 1911 751 1970 Epist.
762 1912 813 1954 crit.
823 1926 847 1970 p.
858 1924 895 1969 72.
905 1910 999 1958 videtur
1009 1920 1115 1978 accipere

63 1981 204 2028 neutraliter
217 1982 305 2044 spt'cula
316 1982 413 2027 vibrant.
426 1994 452 2026 ut
461 1982 504 2037 lll,
517 1981 562 2043 769
576 1980 674 2026 vibranti
683 1979 766 2044 plodio.
774 2005 805 2016 ι-
815 1981 868 2042 607.
881 1989 904 2026 et
908 1980 944 2042 fr
955 1982 1013 2029 alter
1021 1987 1114 2051 Mensg.

62 2055 186 2100 Neminem
201 2053 271 2100 video
282 2054 311 2100 ad
323 2053 386 2099 hunc
405 2067 497 2100 versum
513 2052 648 2098 offendisse.
667 2051 785 2097 Videntur
801 2052 872 2111 igitur
890 2050 930 2097 alii
947 2055 1115 2114 expeditiorem

61 2126 176 2169 rationem
189 2122 298 2169 habuisse
308 2139 378 2186 quarn
389 2122 500 2184 equidem
511 2133 622 2184 exputare
631 2134 733 2183 possum.
744 2123 814 2176 Nam,
824 2121 882 2183 quid
884 2119 993 2182 fremitus
1004 2136 1113 2189 equorum
1201 2121 1203 2126 ¹

61 2195 161 2240 ardescit
173 2197 216 2250 sit,
230 2195 324 2243 obvium
339 2194 434 2256 quidem
450 2193 502 2250 ⁴est;
520 2194 562 2240 sed
579 2193 649 2240 velim
661 2194 753 2250 doceri,
766 2192 825 2256 quid
840 2195 886 2238 sit:
905 2194 1022 2242 Adventus
1040 2203 1113 2246 vuum

61 2267 166 2312 ardescit.
182 2268 262 2312 Potest
275 2267 415 2315 abstractum
429 2267 503 2314 vitleri
518 2268 618 2329 positum
637 2281 680 2328 pro
696 2277 819 2320 concreto,
832 2278 858 2311 ut
869 2267 898 2312 sit
911 2283 971 2328 pro:
986 2272 1030 2314 viri
1043 2273 1113 2318 adue.

61 2340 161 2393 ruentes,
170 2341 263 2399 propius
273 2339 416 2394 accedentes,
427 2338 588 2384 exardescunt.
598 2339 627 2382 At
635 2337 681 2382 ltoc
691 2338 799 2400 jejunum
810 2348 856 2392 est,
867 2348 890 2382 et
897 2335 943 2382 loci
952 2337 1114 2402 splendorem,

62 2410 104 2469 qui
118 2421 224 2453 snmmtu
238 2420 286 2461 est,
301 2408 408 2454 offuscat·
425 2411 505 2456 Dicam
520 2411 608 2471 igitur:
628 2411 749 2470 utriusque
768 2409 877 2468 agminis,
891 2423 939 2469 quo
953 2414 1050 2472 propius
1065 2417 1114 2475 jam

62 2480 164 2524 invicem
183 2491 264 2524 turmae
278 2480 405 2535 accedunt,
421 2482 537 2526 incessum
551 2481 726 2526 concitatiorem
743 2495 792 2525 esse
808 2479 896 2535 solere,
911 2478 982 2542 idque
998 2482 1115 2546 designari

61 2566 105 2612 per
124 2551 248 2596 adveutum
264 2554 364 2598 virorum
375 2552 536 2600 ardescentem.
555 2553 652 2614 Egregia
670 2551 796 2598 sententia!
812 2567 895 2598 vereor
909 2563 999 2607 tamen,
1016 2567 1043 2600 ut
1060 2559 1115 2602 satis

61 2729 120 2768 tum
130 2756 138 2784 ,
150 2717 274 2772 ¹Ennium
291 2719 318 2770 in
333 2737 366 2770 eo
382 2721 565 2789 praecessisse,
611 2720 713 2769 factum
730 2728 821 2768 narrat
833 2714 946 2766 Servius.
966 2715 1035 2766 Add.
1051 2719 1112 2770 Ma·

61 2796 156 2850 Ennio¹
164 2809 253 2848 eutem
262 2797 367 2849 Grecos
378 2811 404 2850 et
416 2801 503 2869 ipsum
512 2801 567 2850 llo·
612 2797 687 2849 orob.
697 2797 746 2860 Vl,
757 2796 773 2860 4
783 2815 823 2866 pr.
836 2795 943 2853 ardent,
957 2797 1113 2864 exquisitius

61 2895 167 2930 metum
177 2876 254 2928 llied.
266 2898 291 2937 t,
302 2877 361 2945 339.
374 2877 413 2930 De
423 2877 475 2928 hoe
487 2879 567 2948 igitur
613 2894 693 2946 quam
710 2874 850 2945 refulgent.
871 2875 912 2926 Sic
929 2884 1018 2926 tamen
1035 2889 1062 2927 et
1077 2875 1115 2928 si·
1161 2902 1165 2912 ·

62 2957 132 3012 nihil
144 2975 217 3010 nuuc
235 2975 380 3010 monemus.
395 2957 446 3011 Sed
461 2957 566 3027 ferreus
611 2956 722 3015 irenei,
741 2952 835 3014 aidau,
850 2950 941 3017 otium
954 2965 980 3004 et
994 2954 1055 3006 alia.

62 3056 129 3109 aper
151 3037 278 3090 audacius
291 3039 371 3090 etiam
391 3056 472 3108 quam
486 3054 567 3107 snpra
647 3035 708 3086 603.
721 3035 781 3100 604.
795 3035 830 3084 Ut
842 3032 1000 3104 predixerat
1011 3053 1036 3084 v.
1051 3036 1109 3088 518.

62 3120 123 3182 Vll,
131 3117 181 3170 525
189 3116 568 3190 atraquelateHorrescitstric·
613 3115 674 3184 519.
686 3143 722 3154 ·-
733 3115 795 3166 606.
808 3116 870 3164 Non
881 3111 971 3175 idem,
986 3126 1016 3164 ut
1027 3114 1113 3167 Corda

64 3198 98 3250 tis
107 3215 176 3268 sepes
187 3197 296 3249 ensibus.
309 3197 415 3249 Scilicet
432 3213 496 3267 aper
509 3195 569 3248 lior·
613 3193 686 3258 vult,
697 3191 744 3244 sed
755 3193 812 3244 aliae
824 3203 886 3242 sunt
897 3189 985 3255 liastoe,
997 3192 1050 3245 alia
1059 3194 1114 3264 spi-

65 3287 105 3328 ret
119 3274 172 3328 late
184 3275 276 3341 lastis,
293 3289 373 3346 atque
390 3274 452 3328 inde
464 3274 569 3344 ferreus
613 3271 673 3348 cula
684 3272 711 3322 h.
719 3271 823 3340 jacula:
837 3270 878 3322 his
889 3272 1000 3336 eminus,
1009 3271 1060 3324 illis
1071 3293 1115 3325 co·

65 3354 104 3408 ad
124 3357 209 3408 visum
232 3369 258 3408 et
278 3357 451 3426 opinionem,
475 3354 567 3408 ferreis
613 3356 715 3418 minus,
727 3371 818 3424 pugna
830 3350 866 3402 fit.
880 3352 962 3422 Igitur
974 3351 1064 3406 hastas
1075 3373 1116 3406 re-

63 3434 152 3488 ltastis
164 3448 236 3488 totus
246 3436 398 3488 collucens:
411 3435 474 3486 liinc
487 3434 569 3503 subji-
614 3434 729 3495 ducunt,
739 3444 769 3482 ut
778 3450 839 3485 curn
849 3433 951 3501 impetu
959 3433 1113 3502 immittant,

64 3517 156 3566 citur:
171 3516 307 3588 campique
322 3515 404 3568 armis
415 3513 569 3568 sublimibus
612 3511 703 3583 Jacula
715 3511 834 3574 vibrant,
848 3522 947 3562 rotant.
965 3515 1037 3564 conf.
1050 3516 1113 3568 Var.

64 3594 170 3646 at‘dcttt.
189 3595 254 3662 Qnae
271 3597 293 3646 si
315 3595 349 3648 ad
369 3594 441 3646 hunc
461 3593 569 3644 modum
613 3590 804 3659 Lech-607.
817 3589 950 3642 Adventus
966 3591 1052 3643 uirum
1068 3613 1114 3644 ar-

65 3672 211 3743 expedias,
227 3674 352 3746 intelligis
363 3712 370 3739 ,
388 3692 442 3726 non
455 3675 510 3724 sine
527 3676 569 3740 ju·
614 3670 705 3730 deecit,
716 3669 743 3722 h.
754 3671 879 3740 strepitus
889 3687 920 3720 ex
930 3669 1058 3738 adventu,
1068 3691 1115 3725 seu

64 3752 139 3805 dicio
152 3765 261 3823 poetam
272 3753 344 3804 hunc
354 3768 459 3804 versum
473 3750 506 3804 ab
519 3751 569 3802 En·
613 3751 740 3821 strepitus
748 3748 959 3814 advenientium,
969 3754 1116 3820 majorinu-

65 3836 113 3884 nio
126 3830 240 3900 (Annal.
254 3833 280 3898 I,
292 3850 319 3902 p.
333 3830 366 3883 33
377 3829 420 3882 ed.
430 3829 570 3900 Column.)
612 3833 710 3900 jorque
721 3828 756 3881 ad
773 3847 850 3882 aures
870 3829 966 3882 accidit
985 3844 1012 3883 et
1027 3835 1115 3885 incre-

66 3915 211 3979 sumsisse,
227 3913 342 3964 Ennium
354 3922 442 3962 autent
453 3909 522 3961 male
533 3911 570 3960 ir·
614 3910 716 3976 bescit,
730 3927 784 3980 quo
792 3912 932 3981 propiores
941 3912 1055 3964 invicem
1065 3913 1116 3964 sibi

67 3995 153 4044 risum
161 3993 244 4049 fuisse
256 3989 418 4062 abllaucilio,
429 3987 502 4062 quod
513 3987 540 4040 h.
550 3988 569 4041 l.
617 4002 708 4042 turmae
720 3988 795 4047 liunt.
810 3992 929 4060 Etenim,
944 4009 1002 4062 quae
1013 4010 1115 4062 augen-
