2690 4596
432 311 653 376 clausu.
1003 321 1064 403 429

16 438 61 498 At
73 457 178 515 nuuc,
192 435 319 514 Turne,
329 435 419 525 jaces
431 459 438 498 ε
452 435 588 499 ubinam
599 457 757 524 generosa
765 437 911 526 juventae

16 542 148 622 Gloria,
163 557 196 606 et
208 542 370 606 excellens
382 542 530 606 animus?
542 565 609 630 quo
622 541 815 629 splendidus
826 543 898 608 altae

15 647 288 712 Frontisbouos?
298 670 444 737 quonam
456 648 511 712 illa
523 647 645 713 decens
658 650 683 711 lt
694 648 812 713 frontis
825 650 952 738 imago?
1031 733 1035 739 Ι

14 753 85 816 Ab!
101 770 239 841 quantas
251 757 369 818 Dauno
381 754 717 841 lacrimas,acresque
730 752 876 834 dolores,
1024 769 1068 816 ita

15 860 150 938 Turne,
164 858 270 923 dabis!
285 876 409 948 quanto
421 859 628 924 circumlluet
639 857 746 922 Ardea
758 858 853 923 lletu!

15 961 85 1028 Sed
99 987 167 1028 uon
180 964 350 1052 degeneri,
365 981 398 1028 et
409 963 607 1053 pudibundo
620 965 757 1029 vulnere
770 965 896 1030 fossum

17 1071 168 1158 Aspiciet
180 1095 186 1133 :
200 1072 319 1146 saltem,
328 1071 393 1136 hoc
404 1071 532 1135 miserae
545 1070 692 1135 solamen
704 1070 841 1136 babebit
880 1055 881 1058 Ἴ

18 1176 154 1254 Mortis,
169 1192 206 1240 ut
217 1180 326 1242 AEueae
338 1176 474 1267 Trojani
487 1178 654 1265 exceperis
667 1199 790 1242 ensem.
804 1207 816 1235 a·

66 1283 146 1346 Haec
159 1283 259 1361 fatus,
273 1282 481 1372 lacrimisque
495 1305 594 1370 genas
607 1282 903 1370 implevitobortis.
1025 1296 1066 1342 iss

19 1388 113 1450 Tum
125 1410 196 1452 sese
208 1387 250 1452 ad
264 1388 393 1452 turbam
405 1389 556 1469 volvens,
570 1389 756 1454 miserabile
769 1411 889 1477 corpus

20 1493 152 1572 Attolli,
166 1511 198 1558 et
211 1516 319 1558 caram
332 1497 440 1559 moesti
452 1495 610 1583 genitoris
622 1494 665 1559 ad
678 1495 795 1559 urbem

20 1599 170 1678 Deferri,
183 1617 283 1689 atque
296 1601 368 1689 pios
382 1600 453 1664 lieri
465 1600 641 1665 mandabat
652 1600 808 1666 honores

21 1707 106 1769 Mox
117 1706 307 1770 circumfusi
321 1706 434 1770 Rutuli
446 1707 512 1770 lato
524 1707 656 1794 agmine
668 1728 791 1771 caesum

21 1810 208 1875 Sublimem
221 1811 345 1900 ingenti
353 1811 512 1901 juvenem
525 1833 667 1900 posuere
680 1812 818 1890 feretro„
1032 1841 1074 1886 190

22 1918 133 1982 Multa
144 1913 245 2007 s‘uper
256 1921 424 1984 Teucrum
436 1934 608 2007 raptorum
620 1918 759 2006 insignia
772 1939 899 1995 secum,

22 2107 62 2118 -
78 2095 134 2147 179.
155 2098 269 2153 quonam
284 2078 333 2131 illa
345 2081 435 2133 decens
448 2077 488 2129 it?
505 2098 556 2143 pro
574 2079 664 2132 abivit.
683 2081 724 2130 lre
741 2077 859 2129 solemne
872 2089 927 2141 est,
945 2088 971 2129 et
986 2079 1073 2148 poetis

24 2177 61 2211 eo
75 2177 153 2210 sensu
166 2163 373 2214 usitatissimum.
381 2190 415 2199 —
427 2160 483 2211 180.
494 2159 553 2210 Ab!
566 2170 679 2231 quantas
688 2157 857 2210 etc.Videtur
867 2157 966 2209 diutius
977 2158 1076 2210 lamen·

24 2239 81 2288 tari
91 2256 181 2289 casum
191 2239 287 2306 Turni,
301 2258 381 2310 quarn
392 2257 441 2310 par
451 2253 520 2303 erat,
533 2241 632 2311 quippe
644 2242 689 2310 qui
705 2252 845 2309 tantopere
859 2256 920 2288 mox
929 2237 1076 2309 gratulatu-

25 2336 74 2368 rus
84 2318 118 2368 sit
127 2335 203 2370 suam
217 2321 304 2372 AEueae
314 2321 467 2371 victoriam:
479 2318 526 2370 sed
537 2319 579 2390 (ut
591 2319 690 2391 dicam)
697 2320 902 2391 potuitLatiuus
915 2317 987 2368 eliud
999 2317 1075 2369 vultu

24 2417 84 2470 prae
97 2415 124 2450 se
142 2401 225 2465 ferre,
242 2401 314 2452 aliud
327 2399 411 2452 corde·
421 2413 523 2472 tegere,
540 2399 613 2471 quod
625 2413 714 2452 tamen
728 2401 831 2471 integro
843 2400 901 2449 viro
911 2416 966 2449 uon
981 2417 1076 2450 conve·

25 2479 107 2529 niret.
118 2477 149 2527 A.
163 2507 197 2516 -
210 2481 267 2532 181.
284 2478 451 2556 circumfluet
465 2479 551 2530 Ardea
558 2478 639 2556 fletu.
658 2477 757 2532 Civitas
773 2477 932 2542 Ardeatino,
947 2476 999 2528 boc
1016 2489 1076 2542 est,

26 2557 147 2629 populus
164 2560 242 2628 ejus:
260 2580 321 2611 nam
340 2563 399 2630 ipsa
415 2560 478 2611 urbs
495 2561 552 2628 jam
568 2558 793 2630 conflagraverat,
815 2570 840 2609 et
858 2559 886 2609 iu
907 2576 982 2609 avem
1003 2575 1078 2609 versa

29 2652 104 2702 erat,
115 2639 189 2708 quod
198 2640 259 2691 licet
268 2640 391 2691 Latinum
401 2639 505 2702 lateret,
517 2652 606 2690 tamen
614 2640 675 2689 urbi
685 2658 740 2690 non
751 2640 875 2690 convenit
885 2635 1075 2713 circumfluere.

27 2717 109 2768 Maro
120 2717 227 2786 quidem
237 2735 360 2788 campum
370 2735 448 2789 agere
455 2717 570 2787 gemitus
579 2716 658 2780 dixit,
671 2720 728 2768 AEn.
742 2719 791 2782 Vl,
802 2717 867 2784 873,
880 2727 906 2766 et
917 2715 1025 2786 Tybrim
1039 2715 1080 2764 fu-

29 2813 100 2846 nera
115 2795 215 2855 videre,⁸
234 2813 283 2846 uec
300 2813 360 2844 raro
378 2797 443 2865 ipsis
455 2793 566 2845 urbibus
585 2810 692 2857 sensus,
708 2793 805 2864 quibus
818 2795 888 2845 cives
901 2795 1079 2863 agitarentur,

29 2876 141 2947 poetice
153 2874 262 2925 tribuit:
282 2873 330 2925 sed
343 2875 402 2944 quis
414 2891 534 2943 unquam
550 2873 643 2924 urbem
658 2872 726 2942 fletu
744 2871 970 2946 circumfluentem
986 2884 1081 2942 protu-

29 2955 111 3006 lerit?
120 2983 154 2992 -
168 2953 224 3006 183.
236 2953 287 3005 Sed
295 2970 348 3006 non
355 2952 512 3024 pudibundo
524 2949 631 3003 attinere
637 2951 740 3022 fossum
751 2949 874 3022 Aspiciet.
888 2950 971 3001 Pudet
983 2953 1081 3002 fortem

31 3034 113 3086 aliter
122 3034 270 3097 vulnerari,
281 3052 362 3104 quam
374 3033 486 3084 adverso
499 3042 608 3103 pectore
620 3053 626 3082 ι
640 3033 750 3103 ignavus
760 3031 835 3082 miles
845 3029 973 3101 fugiendo
986 3032 1054 3081 ictus
1065 3049 1081 3082 a

33 3127 112 3184 tergo
125 3114 231 3184 excipit.
243 3112 311 3165 Vide
323 3113 461 3164 Maronem
474 3113 502 3162 in
515 3113 572 3162 AEu.
588 3111 638 3177 XI,
656 3130 680 3161 v.
694 3109 728 3163 55
749 3119 843 3161 ....ot
854 3128 907 3162 non
915 3147 923 3174 ,
942 3109 1079 3173 Evandro,

30 3193 178 3265 pudendis,
188 3213 243 3246 non
256 3192 435 3266 pudibundis,
448 3191 597 3244 vulneribus
606 3181 714 3262 'prulsum
726 3191 888 3262 aspiciesl....
898 3191 996 3241 Totum
1009 3187 1080 3242 hunc

33 3275 127 3326 locum
143 3274 263 3347 perlege,
280 3287 310 3326 ut
322 3275 421 3326 sentias
437 3286 566 3344 quantum
583 3272 653 3324 iuter
670 3289 697 3324 se
715 3271 813 3324 distent
829 3270 950 3324 Audinus
962 3272 1042 3323 Vates
1054 3283 1081 3322 et

34 3353 185 3405 Laudeusis
197 3353 359 3406 Canonious.

78 3449 136 3503 190.
147 3431 293 3486 Sublimem
304 3431 535 3506 ingentijuvenem
545 3443 594 3483 etc.
608 3429 754 3502 Depromta
767 3428 824 3480 baec
834 3429 925 3478 omnia
934 3445 948 3478 e
957 3429 1082 3494 Marone,

36 3525 64 3567 et
77 3513 212 3583 praecipue
224 3531 256 3565 ex
267 3513 409 3564 undecimo
421 3509 525 3562 AEueid.
537 3510 585 3562 ubi
601 3507 636 3562 ad
651 3507 803 3561 Evandrum
820 3508 914 3557 missus
931 3519 971 3557 est
983 3505 1082 3573 Pallas,

36 3605 68 3643 ut
78 3609 151 3641 nunc
160 3589 197 3642 ad
205 3592 328 3643 Daunum
336 3592 450 3642 Turnus.
462 3591 493 3641 A.
504 3619 539 3628 -
552 3607 609 3659 ¹9¹·
623 3587 713 3640 Multa
724 3605 802 3658 super
813 3586 951 3637 Teucrum.
967 3585 1010 3637 sic
1023 3587 1081 3638 AEu.

38 3672 93 3740 Xl,
107 3687 158 3742 79:

147 3778 287 3852 Multaque
299 3790 426 3850 preterea
436 3778 575 3830 Laurentis
587 3779 696 3850 premia
707 3793 802 3848 pugnae

147 3859 277 3931 Aggerat,
289 3870 316 3911 et
327 3858 407 3930 longo
420 3855 538 3928 praedam
546 3857 624 3926 jubet
637 3854 730 3908 ordine
743 3855 814 3906 duci.

38 3971 87 4022 Est
100 3967 191 4038 aliqua
200 3979 289 4018 tamen
301 3968 328 4019 iu
339 3962 494 4037 exequendo
504 3965 612 4036 negotio
623 3961 781 4035 disparitas:
792 3959 888 4010 AEneas
897 3958 996 4024 victor,
1007 3973 1086 4028 quem

39 4065 126 4124 penes
141 4057 218 4101 eraut
231 4064 361 4118 corpora,
379 4057 406 4099 et
419 4044 508 4118 spolia
519 4043 638 4097 hostium
654 4045 887 4115 interemptorum,
903 4038 992 4110 potuit
1007 4035 1087 4087 funus
