2690 4596
426 292 699 366 DIALOGUS.

478 497 650 550 antron.

88 659 231 731 Excidit
251 660 399 747 tandem
421 686 484 734 ore
504 679 570 735 tuo
591 687 727 734 nomen
745 662 945 735 Laudcnsis
966 663 1088 733 Cano-

40 778 132 864 nici,
147 779 266 848 verius
282 803 393 875 quam
406 794 536 876 poetae3
552 795 644 876 quot
658 783 783 868 armis,
801 781 946 877 quantis
957 801 1089 875 praeeo·

41 893 194 962 niorum
210 891 353 978 auxiliis
372 896 570 963 instructus
589 909 717 964 contra
735 919 793 964 me
813 898 852 962 in
874 893 995 963 aciem‘
1007 890 1088 960 des-

41 1004 184 1077 cendis!
216 1031 294 1077 non
325 1006 458 1078 obrues
488 1033 548 1077 me
576 1006 705 1078 talium
737 1011 903 1078 virorum
931 1004 1089 1076 collectis

42 1120 338 1193 auetoritatibus:
354 1139 486 1194 notum
499 1138 551 1193 est
558 1121 649 1220 quid
662 1127 700 1192 in
714 1121 916 1220 pugnando
929 1119 1088 1190 valeant:

43 1261 123 1305 non
132 1236 233 1307 cedet
242 1241 379 1335 agmini
390 1255 454 1310 tuo
465 1264 568 1309 mens
579 1241 664 1309 recti
676 1240 835 1325 conscia3
853 1235 1092 1307 stabitincon·

44 1375 150 1421 cussa
160 1354 263 1440 ratio,
275 1368 415 1423 naturae
424 1378 531 1423 sensu
544 1369 578 1422 et
592 1347 676 1423 artis
684 1351 967 1450 legibusinnirta.
977 1351 1093 1418 Miror

42 1464 215 1562 equidem
240 1467 342 1564 quod
366 1493 443 1538 non
459 1465 556 1538 ¹alios
580 1463 703 1538 adhuc
724 1463 928 1538 defensores
953 1468 1093 1536 circum

42 1577 176 1650 vexilla
197 1579 356 1676 Maphaei
380 1586 669 1681 congregaveris3
695 1609 781 1654 nam
805 1587 833 1653 si
854 1607 979 1680 pugna
1002 1577 1095 1650 foret

44 1694 1095 1784 conserenda,aliumliostilemexercitumadversustemox

45 1806 251 1882 educerem.
274 1814 356 1882 lam
372 1810 460 1881 hinc
477 1827 582 1882 staret
595 1829 678 1884 ante
690 1812 778 1884 alios
797 1815 1004 1911 Tarquinius
1018 1814 1096 1908 qui-

45 1924 136 1994 dam
149 1923 311 2012 Italicum
326 1949 403 1996 non
416 1951 544 2023 regum
559 1927 814 1998 Romanorum
825 1931 975 2023 antiqua
986 1928 1095 2021 stirpe

44 2056 155 2128 satus,
166 2055 207 2110 ut
217 2065 353 2110 nomen
364 2055 494 2137 etgens
504 2039 1094 2130 indicat,sedunusesacrosocio-

44 2179 133 2224 rum
143 2150 643 2254 agmine,qui‚licetmajoris
654 2183 737 2254 erga
747 2157 1096 2253 supremumliomae

46 2268 281 2359 Pontificem,
297 2295 410 2368 quam
425 2293 508 2370 erga
523 2298 620 2371 reges
633 2295 718 2344 suos
732 2270 816 2342 fidei
833 2288 867 2343 et
883 2269 1098 2341 obedientiae

47 2382 267 2472 insimulati,
292 2401 414 2456 tamen
439 2385 484 2457 de
509 2386 700 2486 religione,
724 2389 880 2458 scientiis
903 2402 937 2457 et
960 2383 1098 2455 artibus
1144 2467 1147 2474 Ι

47 2502 190 2595 optime
211 2498 351 2598 diuque
370 2505 488 2573 meriti
511 2520 613 2594 sunt3
638 2528 716 2573 non
740 2506 886 2601 ignoras
907 2496 1099 2599 quomodo
1136 2575 1140 2591 p

48 2613 273 2710 Tarquinius
284 2613 345 2684 ille
354 2612 566 2688 Galluccius
579 2619 591 2706 ζ
599 2618 629 2713 1)
642 2615 855 2714 Maphaeum
868 2639 1101 2712 comparave-

49 2731 98 2799 rit
113 2727 329 2830 Rhedarumk
341 2729 481 2827 opifici,
494 2735 578 2802 artis
591 2757 666 2802 suae
676 2730 732 2801 vel
743 2734 902 2802 nimium
914 2731 1099 2825 imperit0,

50 2840 109 2912 vel
136 2840 243 2914 stulte
269 2848 431 2933 curioso,
457 2849 521 2942 qui
547 2865 665 2943 quum
689 2845 906 2942 quadrigam
934 2843 1101 2912 exomni

49 2972 155 3056 parte
171 2957 383 3055 perfectam,
408 2976 442 3028 et
457 2958 689 3056 opulentam,
711 2975 745 3030 et
768 2956 877 3056 plane
894 2956 1101 3027 volventem

50 3075 240 3168 reperiret,
255 3089 415 3170 quatuor
428 3078 514 3145 rotis
524 3079 671 3171 optimis
680 3079 849 3172 quintam
860 3069 1102 3142 miserabilem

50 3185 162 3258 vellet
175 3187 340 3285 adjicere.
357 3189 483 3287 ltaque
497 3190 699 3287 prudenter
713 3195 869 3289 quintum
884 3203 978 3258 tuam
993 3199 1104 3256 rotam

52 3327 157 3374 serva
181 3302 368 3374 conditam
393 3303 462 3374 sub
484 3305 734 3403 receptaculo:
762 3329 848 3375 nam
869 3299 1105 3399 triumphalis

54 3414 201 3514 Virgilii
217 3443 363 3502 currus,
387 3417 505 3516 qualis
527 3435 595 3509 est,
619 3423 712 3490 inter
734 3417 962 3516 populorum
985 3415 1103 3488 admi·

56 3535 222 3603 rantium
239 3530 406 3628 plausus,

158 3695 277 3773 Voluit,
290 3713 321 3759 et
333 3712 484 3760 aeternum
495 3697 601 3761 volvet
611 3691 787 3760 laudandus
801 3701 833 3759 in
847 3719 957 3760 aevum.

90 3913 132 3986 (t)
146 3913 294 3985 Tarquinio
309 3912 442 3979 (helluari,
452 3915 545 3986 jisuite
560 3914 670 3980 italien,
684 3927 794 3968 merten
809 3917 888 3987 16493
903 3915 1030 3970 troititime
1041 3911 1099 3970 Dis-

52 4009 130 4048 eours
139 4013 185 4048 sur
194 3992 353 4066 lanigeris,
367 4014 401 4046 ou
414 3993 440 4047 la
446 3995 525 4068 falle
536 3998 567 4050 de
581 3997 608 4055 V
607 3996 683 4071 iryile
690 4035 701 4064 ,
715 4017 778 4072 paq.
795 3997 855 4064 246.
