2724 4600
353 280 588 368 AEu'srnos
611 302 764 364 truse
786 299 826 368 x.
1046 317 1104 382 107

68 427 352 520 Quandoquidem
367 427 526 493 Ausonios
539 423 693 513 conjungi
705 422 830 490 loedero
841 420 978 486 Teucris
1066 431 1108 478 105

72 537 173 604 Haud
185 537 327 614 licitum,
340 557 403 598 nec
415 549 521 598 vestra
533 532 620 619 capit
631 528 793 598 discordis
805 528 920 607 finem3

70 646 151 726 Quae
165 644 287 732 cuique
300 657 349 704 est
361 639 492 705 fortune
504 634 618 715 hodie,
635 659 733 724 quem
748 635 888 723 quisque
902 648 989 700 secet
1001 652 1108 719 spem,

72 752 157 815 Tros
171 749 354 813 Rutulusne
367 747 450 824 fuat,
464 743 555 807 nullo
568 741 756 812 discrimine
768 739 913 819 hubeb03

105 952 155 997 105.
173 951 269 1008 Quando
280 949 381 1014 equidem
391 949 481 1010 Hugen.
498 945 596 993 Dor-vill.
614 960 666 989 cum
681 941 750 988 Goth.
762 953 814 992 tert.
826 939 932 990 Ausoniis
943 953 963 983 c.
970 937 993 1002 f.
1016 939 1113 984 Teucros

76 1020 136 1065 Gud.
146 1037 160 1065 a
170 1036 201 1066 m.
212 1037 261 1084 pn,
271 1036 318 1082 quo
328 1019 412 1065 alludit
423 1035 458 1081 pr.
469 1020 535 1063 Voss.
549 1018 696 1060 Ausonios...
707 1017 811 1058 Teucros.
818 1037 849 1046 —
859 1010 907 1056 106.
921 1007 1006 1064 licitum
1016 1015 1050 1052 est
1060 1017 1114 1052 ante

13 1137 14 1142 ,
75 1091 169 1147 Heius,
181 1094 222 1154 qui
234 1103 296 1138 recte
309 1091 353 1137 hoc
367 1092 436 1152 ejecit
447 1089 580 1137 auctoribus
591 1087 663 1132 libris.
680 1110 711 1120 -
731 1099 779 1144 1⁰7·
798 1083 942 1144 Quoecunquc
953 1079 1043 1140 aliquot
1052 1077 1114 1120 Pier.

75 1169 133 1206 tenet
143 1178 207 1224 spem
217 1161 314 1208 Dor-vill.
327 1163 369 1206 llic
378 1160 448 1206 velim
457 1160 486 1204 ab
496 1160 591 1204 Heinsio
603 1168 626 1203 et
634 1157 767 1203 normanno
777 1149 907 1216 appositum
918 1164 978 1204 etse,
990 1162 1037 1210 qun
1046 1159 1116 1194 sensu

73 1230 112 1276 illu
123 1246 128 1275 :
140 1247 211 1295 quam
223 1235 316 1295 quisque
327 1239 389 1276 secut
399 1246 472 1293 spem,
489 1229 629 1290 acceperint.
646 1228 739 1272 Servius
753 1225 864 1285 exponit:
884 1241 895 1261 r
903 1222 1020 1282 sequitur,
1038 1225 1117 1268 tenet,

76 1301 147 1348 habet
158 1319 163 1346 ε
176 1315 202 1348 ut
214 1305 257 1357 Vl,
269 1318 314 1364 90⁰
325 1301 367 1348 Ille
376 1305 435 1347 vium
446 1310 507 1346 secut
517 1301 549 1346 ad
559 1313 632 1344 naves.
644 1319 653 1339 n
667 1298 713 1343 Sed
725 1299 783 1341 vium
794 1309 869 1340 secare
883 1293 951 1353 longe
963 1287 1028 1335 aliud
1038 1297 1079 1332 est.
1092 1285 1118 1329 Si

77 1385 144 1434 poeta
155 1373 309 1420 archaismum
321 1385 419 1420 sectatus
430 1375 487 1422 serit
498 1372 637 1432 scripsisset,
647 1379 725 1430 posset
736 1381 785 1413 esse
797 1367 892 1426 antiqua
904 1377 948 1407 vor
959 1373 1021 1412 seco,
1030 1367 1119 1407 serere,

78 1458 120 1504 pro
129 1457 211 1506 seque,
221 1457 269 1497 ere,
277 1443 341 1488 unde
352 1438 433 1506 sequor
441 1442 532 1486 mansit.
549 1434 672 1485 'ibunebus
684 1447 821 1500 exposuerat
834 1435 918 1479 sumit:
934 1431 1000 1483 neni,
1018 1426 1060 1488 qui
1073 1422 1117 1468 ali·

52 1563 56 1576 ,
78 1513 135 1576 quid
144 1525 220 1569 secet,
233 1514 277 1560 sibi
288 1525 378 1576 partem
388 1515 465 1559 sumit.
482 1509 583 1572 Scaliger
593 1521 616 1556 st
625 1509 712 1563 Corda,
723 1509 796 1570 operit
803 1503 846 1550 sr'lu'
856 1501 1003 1567 spemfoctr's,
1019 1508 1058 1550 ut,
1076 1493 1119 1559 qui

79 1584 137 1628 rium
146 1596 222 1638 secat,
234 1587 317 1646 aperit.
329 1585 375 1630 Sed
385 1583 435 1632 bec
446 1582 504 1628 dura
518 1593 540 1626 et
552 1580 621 1641 longe
632 1582 704 1642 petits
717 1589 777 1624 sunt.
792 1578 816 1621 Si
831 1573 903 1620 latine
915 1571 1001 1616 dicitur
1012 1565 1122 1617 inridere,

79 1655 215 1711 rennuis,
224 1671 268 1717 pro
279 1657 430 1718 intercipere,
440 1653 547 1709 abolere,
557 1665 668 1706 mucore,
680 1665 724 1713 pro
733 1647 815 1694 tollere
826 1662 832 1691 :
843 1645 920 1708 potuit
928 1653 997 1706 poeta
1006 1637 1120 1684 audenter

79 1724 156 1771 dicere
163 1740 239 1772 secure
246 1735 347 1788 sperata,
357 1741 427 1789 spem,
437 1737 464 1771 ut
472 1739 523 1788 spes
531 1721 724 1776 extendidioitur,
736 1723 768 1766 sic
778 1728 854 1781 potest
862 1729 957 1778 quicque
967 1710 1050 1762 securi,
1060 1719 1121 1752 rese·

79 1798 136 1851 cari,
147 1799 281 1862 interrumpi
288 1810 315 1842 ut
322 1796 431 1843 contrudi.
440 1820 472 1833 -·
484 1794 534 1841 108.
545 1791 671 1844 Rutulusne
680 1791 770 1854 aliquot
779 1791 838 1834 Pier.
850 1800 903 1832 cum
916 1785 994 1836 Rom-3
1005 1791 1054 1830 tum
1066 1776 1119 1820 ΜΘ·

80 1865 124 1911 dic.
143 1879 167 1912 et
183 1885 196 1913 u
212 1885 243 1913 m.
259 1884 304 1915 sec.
318 1881 370 1914 tert.
382 1867 492 1914 Rottend.
508 1864 557 1910 luat
568 1861 665 1911 Mentel.
675 1879 710 1924 pr.
724 1874 748 1908 ct
758 1859 863 1906 Parthus.
876 1862 929 1900 ruat
938 1849 1051 1897 Montalb.
1066 1860 1120 1893 cum

81 1937 148 1983 Goth.
162 1950 216 1985 tert.
223 1940 365 2002 fiutMedic.
377 1952 399 1988 et
412 1938 501 1984 Zulich.
516 1955 530 1984 a
543 1953 573 1990 nr.
587 1952 623 1998 pr.
637 1933 683 1980 Sed
695 1935 748 1980 satis
759 1928 910 1991 constatfuat
923 1939 972 1970 esse
981 1935 1073 1973 verum,
1093 1931 1121 1962 ex

81 2013 177 2074 antiquo
181 2009 229 2073 suo
233 2045 241 2067 ,
246 2011 326 2074 suere,
337 2011 400 2058 unde
411 2008 545 2073 rusnsitfut'.
555 2007 633 2053 latero
644 2006 710 2050 Voss.
720 2019 766 2052 sec.
777 2013 800 2048 et
808 2016 855 2046 sec.
865 1995 947 2044 ltamh.
953 2027 961 2049 ,
970 1990 1033 2040 unde
1040 1989 1119 2034 Heius.

13 2249 14 2260 γ
83 2196 195 2254 utraque
210 2203 272 2254 pars
287 2187 422 2240 fortunam
438 2183 519 2238 hodie
539 2202 581 2236 ex·
624 2181 710 2232 tentia
721 2176 822 2248 duplici
834 2170 915 2224 modo
928 2163 1121 2233 constitui,sut

13 2263 14 2312 l
83 2265 409 2336 perietur,qusmspeu1
425 2281 582 2336 magnarum
626 2273 656 2314 ut
665 2261 699 2311 sit
707 2256 878 2329 explicatius,
889 2263 919 2302 nt
928 2239 1123 2314 utrumquehs'·

85 2344 381 2414 rerumpraedictarum,
394 2353 583 2414 etexpectats-
627 2337 789 2392 mistiehium
812 2331 926 2386 eundem
947 2341 1052 2378 sensum
1074 2319 1124 2371 hc·

87 2441 143 2474 rum
156 2424 278 2476 alterutri
294 2425 344 2480 sibi
359 2424 585 2495 precident(qua
628 2422 712 2473 beot:
733 2433 793 2490 quer
818 2413 913 2482 ruique
938 2421 974 2460 est
989 2404 1102 2476 fortuna
1113 2435 1123 2462 ‚

87 2519 132 2572 spe
145 2503 306 2574 excident),
325 2523 371 2559 seu
389 2505 516 2572 Trojani,
535 2519 583 2554 seu
629 2517 709 2571 quum
723 2496 833 2569 quisque
845 2500 915 2545 secar
929 2505 1016 2560 spem:
1034 2493 1079 2534 aut
1094 2490 1126 2529 ut

86 2583 190 2650 Rutuli,
201 2587 276 2652 juxta
288 2597 314 2635 et
326 2582 420 2639 eodem
429 2583 489 2635 loco
498 2581 582 2634 hahe-
626 2580 710 2640 alters
724 2593 786 2647 pars
799 2575 833 2625 sit
845 2567 1028 2624 adversativs;
1046 2577 1125 2632 quum

87 2661 137 2715 bo:
150 2666 206 2716 sive
221 2665 310 2735 (quod
319 2667 408 2720 Venus
418 2661 511 2734 putet)
521 2663 582 2713 fatis
628 2657 753 2710 alteruter
761 2655 898 2706 fortunam
910 2659 956 2700 out
966 2645 1063 2704 habet,
1080 2649 1128 2690 aut

13 2771 14 2808 l
89 2744 141 2792 suis
159 2744 273 2813 iniquis,
293 2745 347 2798 sive
364 2741 453 2818 (quod
470 2743 541 2796 Juno
557 2759 582 2790 v.
627 2738 679 2788 sibi
691 2738 748 2805 ipse
763 2730 885 2804 praecidit
898 2741 923 2782 et
938 2726 1040 2779 evertit.
1054 2720 1138 2771 stra..

89 2821 137 2892 68)
149 2821 261 2880 stultitia
272 2824 448 2892 Troianorum
457 2833 484 2874 et
494 2820 585 2873 ratini·
627 2837 687 2869 rum
695 2816 748 2867 hoc
758 2813 846 2866 malo:
860 2812 898 2862 sic
910 2822 995 2861 secare
1006 2814 1046 2855 est
1059 2799 1127 2850 inci-

89 2903 138 2955 niis
154 2903 228 2954 falsis
245 2922 277 2959 eo
292 2921 333 2954 res
352 2901 469 2958 adducta
487 2912 542 2966 est,
555 2908 586 2951 ut
629 2897 709 2960 dere,
728 2894 886 2962 intercipere
903 2903 994 2957 spem:
1008 2893 1037 2931 ut
1054 2877 1126 2948 apud

90 3000 158 3033 nova
167 2982 249 3052 Troja
261 3000 332 3033 nunc
345 2992 521 3052 oppugnetur.
530 2979 586 3030 Nec
630 2979 722 3029 Horat.
735 2971 826 3023 ludum
836 2967 951 3018 incidere
961 2957 1126 3032 pro,l1uire;
1207 3012 1214 3027 ι

89 3061 215 3127 Rutulos,
231 3073 278 3116 seu
294 3063 415 3126 Latinos,
433 3079 449 3112 s
464 3061 526 3112 fatis
539 3061 587 3109 im·
632 3052 780 3126 paullulum
793 3051 925 3101 diversum
936 3053 974 3093 est
985 3055 1055 3110 spem
1071 3034 1128 3086 lon-.

89 3141 266 3210 pendentibus
274 3142 368 3206 libero,
376 3159 431 3193 nnn
441 3137 586 3202 internodo,
629 3153 690 3206 pam
701 3125 810 3183 resecare
818 3166 827 3193 ,
841 3125 929 3177 demto
942 3122 1013 3173 enim
1031 3116 1082 3169 hoc
1098 3115 1129 3164 fit

13 3283 14 3294 2
93 3240 143 3291 quo
155 3225 243 3274 miuus
255 3223 391 3276 fortunam
403 3221 453 3274 sibi
470 3219 586 3271 debitam
625 3213 705 3285 ¹quod
723 3211 832 3262 nimium
850 3219 906 3268 est3
928 3201 1024 3255 dixeris
1041 3212 1130 3250 tamen

93 3316 296 3372 consequantur.
308 3301 465 3372 Experiatur
474 3309 588 3366 utreque
631 3292 754 3364 simplex,
762 3305 846 3342 unare
854 3303 937 3356 spem,
947 3281 1026 3335 simili
1036 3276 1131 3342 modo,

13 3449 14 3452 Ἴ
92 3398 162 3453 pars,
175 3399 223 3432 seu
234 3382 330 3446 tristia,
343 3378 464 3443 seuloets,
476 3394 526 3447 pro
537 3375 589 3428 bo·
634 3367 771 3438 dissip-r,
788 3365 880 3438 (quod
895 3376 980 3435 poete
995 3359 1083 3412 fucore
1102 3357 1134 3407 li·

13 3455 14 3468 *
92 3461 190 3513 diemis
209 3480 297 3514 rerum
311 3461 392 3512 initiis
406 3469 432 3510 et
448 3468 519 3508 actu.
533 3456 590 3526 Ego
636 3453 697 3524 cet)
720 3467 769 3521 pro
797 3463 871 3517 spem
891 3442 1002 3505 tollere,
1026 3449 1133 3510 sperata

93 3543 193 3593 neutris
203 3539 477 3603 studeborerenient,
489 3536 593 3607 quaeia·
636 3529 773 3594 scindere,
792 3538 822 3578 ut
838 3535 915 3588 rota,
931 3520 1030 3594 paedia
1046 3515 1133 3569 scindi

94 3625 226 3676 tolerent.
240 3623 315 3685 Haec,
324 3620 453 3687 arbitror,
463 3617 594 3671 sententia
626 3610 769 3662 dicuntur.
777 3609 808 3658 ln
816 3605 868 3656 hoc
880 3602 973 3656 saltem
984 3598 1133 3668 analogiam

94 3702 180 3754 verbis
201 3701 322 3770 subjecte
342 3713 390 3752 est.
409 3727 444 3740 υ-
464 3715 521 3766 ¹⁰7·
544 3695 592 3746 1:08
636 3673 1134 3757 babes,quamsequare3necdumridi

95 3799 173 3852 quam
185 3781 307 3853 quisque,
320 3775 593 3846 Trcsllutulusuefue-
636 3769 756 3821 meliora.
768 3764 923 3834 Respiciunt
935 3770 1022 3811 autem
1033 3755 1089 3804 hec
1100 3749 1135 3802 ad

96 3861 144 3924 rit,
155 3879 227 3931 spem
238 3870 321 3920 secan·
338 3860 451 3912 obscura
464 3870 490 3910 et
505 3856 590 3907 umbi·
637 3869 711 3921 spem
723 3846 832 3899 Veneris
843 3843 875 3894 de
887 3843 977 3892 futuro
987 3834 1036 3887 luli
1046 3835 1074 3885 in
1083 3833 1136 3918 ltnf

13 3933 14 4006 ]
97 3960 146 4011 grta
157 3953 197 3992 est
209 3941 284 3990 notio
297 3939 423 3991 vocabuli
436 3946 523 3990 secat:
538 3935 588 3986 vid.
634 3933 670 3985 liu
682 3946 778 4001 regno,
794 3943 874 3996 quarn
887 3919 970 3974 incidi
982 3928 1007 3968 et
1019 3912 1136 3964 interimt

98 4023 156 4076 Var.
174 4022 264 4083 Lect.;
283 4032 373 4093 potest
388 4030 516 4092 preterea
532 4033 591 4067 sen·
634 4021 742 4064 'necesse
762 4019 836 4072 erat,
858 4005 880 4055 si
904 4013 991 4054 cestra
1012 4015 1028 4048 a
1047 3994 1138 4044 Turno
