2736 4598
378 285 620 351 ultumos
636 286 874 354 Llssunxi.

100 403 233 489 Qualia,
247 407 305 472 ubi
317 405 464 496 abruptis
477 410 562 497 fagit
573 413 732 499 praesepia
744 413 874 492 vinclis,

101 512 258 580 Tandem
270 514 503 603 libem-equae,
518 537 701 604 campoque
714 519 838 605 potitus
850 535 980 606 aperto,

100 623 171 685 Aut
183 622 239 686 ille
251 623 285 686 in
297 638 410 710 pastus
422 639 637 711 armentaque
650 624 755 688 tendit
768 649 942 714 equarum;

100 729 184 806 Aut,
197 726 354 792 adsuetus
366 750 461 816 aquae
472 728 630 816 perfundi
641 728 778 794 flumine
791 748 884 810 noto,

101 832 245 912 Emicat,
258 821 466 922 adrectisque
480 835 591 897 fremit
603 834 863 902 cervicibusalte
912 836 914 842 ’

100 939 302 1018 Luxurians3
314 937 501 1028 luduntque
510 938 601 1029 jubae
612 962 673 1027 per
685 941 783 1020 colla,
797 965 858 1029 per
869 965 995 1006 armos,

102 1043 212 1108 Obvia
224 1044 291 1124 cui,
304 1043 501 1110 Volscorum
512 1046 583 1110 acie
595 1047 787 1127 eomitante,
882 1047 935 1110 illa

103 1149 271 1229 Occurrit,
285 1151 456 1239 portisque
468 1149 510 1214 ah
523 1174 611 1240 equo
622 1153 734 1239 regina
746 1042 899 1241 sublillis

102 1255 262 1335 Desiluit3
276 1273 379 1344 quam
387 1272 456 1320 tota
468 1255 586 1322 cohors
599 1258 723 1322 imitata
736 1259 858 1324 relictis

104 1358 155 1423 Ad
167 1377 290 1424 terram
302 1360 438 1426 defluxit
451 1362 560 1450 equis,
573 1378 645 1426 tum
657 1364 732 1428 talia
745 1366 833 1428 fatur
844 1390 856 1427 ;,

109 1494 121 1523 ο
132 1467 264 1546 Turne,
277 1468 328 1530 sui
339 1469 458 1532 merito
471 1468 498 1530 si
511 1491 576 1557 qua
588 1484 638 1534 est
649 1469 770 1534 fiducia
783 1471 876 1551 forti,

102 1571 237 1652 Audeo,
251 1589 284 1637 et
295 1571 478 1638 AEneadum
490 1575 647 1661 promitto
661 1599 835 1642 occurrere
848 1562 978 1657 turmae,

103 1771 205 1815 toritatis
224 1769 310 1816 codex!
330 1772 433 1834 praeripit
451 1771 622 1818 uratislaus.
640 1789 709 1836 supra
725 1774 766 1819 lib.
781 1776 813 1831 X,
830 1791 872 1838 ²77
895 1788 919 1821 et
937 1791 997 1836 saepe
1016 1773 1149 1835 al.-d9e.

103 1841 208 1902 adruptis
217 1842 272 1902 Reg.
285 1866 317 1878 -
327 1841 381 1903 493.
390 1851 500 1906 pratoque
511 1843 609 1890 Dorvill'.
620 1847 706 1906 potitur
717 1844 806 1908 aliquot
815 1847 891 1904 Pier„
901 1846 965 1908 quod
974 1861 1022 1891 non
1031 1845 1151 1907 praeferam

104 1927 158 1956 cum
170 1913 270 1958 Catroeo.
280 1913 308 1960 ab
317 1912 364 1959 alto
377 1913 447 1960 Goth.
461 1926 515 1960 tert.
532 1929 545 1959 a
560 1931 591 1960 m.
606 1930 642 1975 pr.
656 1941 688 1950 -
701 1913 755 1975 494.
771 1919 879 1978 impastus
895 1917 984 1979 aliquot
998 1914 1061 1976 apud
1072 1917 1151 1959 Burni.

103 1981 198 2044 -495,
207 2000 272 2049 equoe
280 1988 354 2048 Bigot.
363 1985 473 2049 profundi
480 1986 540 2031 Ven.
546 1987 575 2047 fl.
587 1994 632 2038 toto
641 1985 729 2032 zulich.
740 2003 753 2031 a
764 2003 795 2032 m.
806 2004 842 2048 pr.
853 1999 877 2034 et
887 1987 929 2032 Ed.
941 2002 977 2049 pr.
988 1989 1065 2032 hum.
1077 1986 1152 2031 nando

104 2071 141 2117 pr.
157 2055 241 2100 llamb.
252 2082 284 2092 —
296 2055 349 2118 495
363 2057 487 2102 comitibus
502 2054 554 2102 altis
572 2071 618 2102 sec.
633 2056 743 2102 Rottend.
760 2055 832 2102 altum
847 2057 946 2104 malebat
962 2054 1151 2118 Cuninghamus:

103 2124 195 2173 scilicet
209 2139 235 2173 ut
250 2140 323 2190 poeta·
337 2127 399 2174 nihil
410 2130 497 2185 variet5
511 2143 602 2190 semper
620 2127 683 2174 idem
700 2129 822 2190 sequatur!
835 2127 928 2192 -497,
945 2127 1069 2192 luduntque
1083 2141 1153 2175 comoe

105 2197 205 2244 Oudart.
213 2225 245 2235 ·-
256 2198 310 2261 498.
322 2203 360 2244 cui
366 2215 432 2264 qreqe
444 2198 578 2246 Volscorum
586 2202 663 2262 Sprot.
671 2225 703 2236 -
711 2200 764 2246 500.
775 2201 881 2246 Dissiluit
889 2200 979 2264 aliquot
992 2200 1061 2247 codd.
1075 2212 1099 2245 ct
1107 2199 1150 2244 Ed.

104 2284 140 2330 pr.
155 2270 234 2314 Burin.
248 2296 279 2305 -
290 2271 341 2316 501.
352 2271 444 2331 deflexit
453 2269 511 2317 alter
521 2271 602 2316 Hamb.
611 2296 642 2306 —
652 2272 704 2317 Soa.
717 2274 754 2316 sui
762 2275 835 2318 meriti
843 2271 911 2318 Goth.
923 2282 975 2316 tert.
986 2271 1081 2316 audacia
1090 2272 1151 2315 Ven.

103 2364 136 2374 —
147 2339 200 2385 503.
213 2349 237 2384 et
248 2340 314 2387 deest
329 2340 390 2385 Gud.
405 2357 440 2402 pr.
460 2341 558 2388 Mentel.
580 2353 604 2387 et
624 2356 671 2388 sec.
689 2341 773 2388 Moret.
790 2341 861 2388 turbe
877 2343 952 2404 Bigot.
968 2353 993 2387 et
1009 2339 1077 2387 Goth.
1097 2352 1150 2386 teet.

106 2411 187 2456 turmis
200 2411 317 2456 Romanus
332 2422 355 2457 et
365 2412 477 2458 Donatus.

110 2568 209 2634 iverat,
224 2566 363 2620 Macrobio
375 2583 500 2623 monente
513 2573 549 2622 vl
561 2571 609 2624 Sa·
647 2573 787 2645 jungenda·
798 2585 861 2624 sunt
870 2569 924 2622 alte
936 2571 1092 2635 luxurians,
1105 2583 1152 2621 aut

107 2645 508 2720 turn.3littunc,sicutequus,
519 2650 609 2722 quide
650 2654 673 2702 si
696 2651 748 2703 hoc
768 2651 926 2724 insolentiis
948 2649 1049 2701 dictum
1066 2648 1153 2699 videri

104 2726 262 2796 praesepibus
269 2738 341 2779 actus
353 2727 408 2798 (est
418 2731 607 2781 Homericum:
651 2733 737 2802 possit
749 2768 757 2795 ,
778 2730 832 2784 alte
845 2729 948 2800 fremit.
968 2728 1073 2786 ludunt,
1080 2727 1151 2798 julie

106 2802 237 2862 οἰκοσοοῖσαο
255 2804 292 2857 iul
314 2802 404 2878 φᾶνννν)
424 2806 519 2862 Vincla
540 2808 607 2860 sueis
649 2807 791 2880 parcella,
807 2827 857 2880 per
867 2825 960 2859 annos.
977 2803 1040 2872 ἀμφὶ
1057 2800 1082 2856 tt
1095 2805 1152 2869 χοῖ·
1232 2875 1235 2878 ι

107 2885 225 2958 maqueis
235 2886 345 2939 uuimeis
352 2885 500 2959 abrumpit,
511 2898 538 2938 et
546 2887 607 2939 inde
649 2910 690 2940 aa·
712 2889 780 2954 duaa
798 2887 927 2942 ἀΐσσονται.
945 2887 1022 2938 Adde
1040 2885 1153 2938 alterum

106 2967 237 3020 Fertsese
249 2968 338 3040 campi
348 2986 397 3038 per
409 2966 606 3033 coerula,loeta·
650 2970 739 3021 locum
761 2988 793 3021 ex
815 2971 931 3020 Homero
953 2983 1106 3037 expressum
1124 2967 1152 3016 in

105 3063 157 3117 que
173 3055 270 3116 prata,
294 3044 364 3098 Celso
383 3057 510 3118 pectore:
529 3045 607 3116 (θοίον
650 3046 777 3120 A'pollon.
790 3050 842 3114 ΙΙΙ,
860 3048 926 3115 1259
943 3065 1000 3116 sqq.

106 3121 177 3196 (daal)
190 3126 278 3176 ailina
290 3125 403 3194 κροαίνων.
419 3125 551 3196 pulsando
564 3144 608 3176 so·
687 3129 749 3196 498.
763 3129 803 3179 De
815 3127 928 3179 Camilla
942 3123 1023 3175 modo
1040 3123 1075 3175 ad
1091 3125 1150 3192 432.

107 3204 163 3256 lum
177 3203 300 3276 ungulis)
314 3221 380 3276 sepe
391 3205 484 3275 jubam
505 3215 610 3276 quassat
651 3207 787 3270 Desiluit,
806 3207 916 3258 honoris
939 3222 1033 3256 caussa
1050 3205 1153 3256 factum

106 3281 188 3337 simul
204 3281 304 3347 altum,·
325 3284 403 3356 (ilai
422 3281 448 3336 di
466 3281 522 3354 uipu
545 3286 609 3350 ἔχον,
653 3288 755 3340 volunt.
770 3287 828 3351 Cf.,
842 3287 863 3337 si
876 3286 944 3336 tanti
955 3284 1075 3348 videtur,
1089 3303 1153 3336 ana·

107 3363 171 3430 ἐμφὶ
180 3359 208 3415 di
216 3365 303 3429 χαῐοοιν
320 3366 387 3430 ον’μονο
402 3362 537 3438 ἀΐσσονται)
550 3367 610 3437 Spi-
654 3366 782 3442 glyphum
790 3364 999 3436 Borghesianum
1009 3382 1054 3434 ap.
1063 3365 1154 3415 Winc-

107 3445 174 3495 ritus
184 3461 216 3494 ex
226 3444 318 3496 anima
334 3443 423 3496 calida
437 3464 541 3516 spumas
553 3447 612 3518 aqit
654 3447 768 3500 kelman.
790 3447 913 3496 Mettum.
933 3443 1003 3494 ined.
1020 3445 1072 3495 No.
1095 3441 1151 3511 137.

107 3523 180 3576 albus
192 3523 354 3590 Luxuriam,
366 3524 485 3576 reddidit
495 3525 610 3578 feliciter
654 3526 745 3580 cohors
760 3544 811 3597 pro
828 3536 932 3585 turma;
954 3541 1017 3574 nam
1035 3515 1154 3592 equitum

108 3623 139 3656 ex
148 3605 290 3656 Homerico
301 3604 363 3656 loco
372 3604 477 3665 audcior,
489 3605 609 3675 quodibi
653 3606 682 3658 h.
696 3606 713 3657 l.
730 3619 778 3658 est.
794 3603 920 3675 defluxit5
938 3602 1058 3654 Macroh.
1071 3597 1120 3666 vt,
1137 3601 1156 3666 4

109 3697 148 3736 est
159 3701 210 3754 pro
221 3686 340 3752 γονοροοῖν,
356 3683 390 3736 de
402 3703 472 3754 equo
489 3685 610 3738 exultan-
654 3685 696 3758 (p.
711 3685 761 3756 595
777 3685 867 3755 Lips.)
884 3703 898 3734 e
915 3683 995 3734 Furio
1009 3682 1055 3733 lib.
1071 3684 1083 3732 Ι
1097 3682 1154 3732 lau-

108 3777 134 3816 te
146 3772 158 3828 ,¹
175 3764 331 3817 ferociente.
359 3761 414 3814 alte
442 3777 531 3816 autern
556 3765 609 3834 496
653 3766 716 3817 dat:
733 3763 803 3829 Ille,
821 3763 997 3836 quavisubito
1022 3761 1155 3814 devinctus

108 3844 195 3914 possis
211 3845 341 3915 jungere:
357 3839 462 3894 arrectis
479 3841 558 3904 ultoe5
578 3857 607 3896 ut
652 3843 773 3908 uulnere,
788 3843 900 3896 habenas
911 3843 988 3895 Misit
998 3844 1073 3914 equi,
1097 3839 1155 3909 lap-

109 3924 279 3976 llomericum
300 3922 361 3987 ὑψοῦ
377 3919 433 3989 stipa
450 3920 505 3986 ἔχον,
529 3925 606 3977 Forte
648 3923 905 3995 stuqtieinltumum,
917 3919 1154 3998 defluxit,etarmis

111 4014 199 4054 tamen
220 4003 258 4052 sic
281 4001 429 4074 languescit
451 4020 561 4066 versus3
580 4017 607 4058 st
650 4002 774 4056 Reddidit
796 4003 881 4055 cratis
904 4002 1026 4054 sonitum.
1043 4029 1078 4039 --
1095 3997 1153 4049 503·
