2718 4594
210 354 273 422 356
457 355 492 416 Ρ.
517 345 748 416 VlRGlLll
771 351 1001 422 MARONIS

209 485 260 544 An
272 479 380 543 fratris
392 479 501 543 miseri
514 479 617 542 letum
629 496 667 544 ut
678 478 813 544 crudele
824 481 972 547 videres?

209 590 292 652 Nam
306 584 386 674 quid
398 587 478 672 ago?
489 601 545 648 aut
557 607 631 673 quae
639 569 708 674 jinn
721 585 862 674 spondet
874 590 1018 652 Fortuna
1030 589 1194 654 salutem?

209 691 287 755 Vidi
300 693 413 758 oculos
425 707 500 754 ante
514 691 584 778 ipse
597 715 702 770 meos,
716 715 770 756 me
782 715 863 758 voce
875 712 1063 774 vocantem⁷
1156 725 1160 729 ·

209 802 419 875 Murranum,
433 821 500 886 quo
512 821 579 861 non
593 815 725 885 superat
737 798 817 862 mihi
830 801 936 863 carior
947 801 1043 880 alter,

210 906 391 993 Oppetere,
406 903 587 990 ingentem,
601 922 701 992 atque
714 905 839 992 ingenti
852 907 987 970 volnere
999 908 1135 972 victum.
1212 921 1257 978 640
1329 897 1330 900 '

210 1011 340 1077 Occidit
351 1010 478 1089 infelix,
492 1033 535 1074 ne
548 1025 696 1074 nostrum
710 1009 855 1075 dedecus
868 1012 973 1076 Ufens

210 1117 419 1206 Adspiceret;
431 1117 553 1180 Teucri
565 1117 739 1204 potiuntur
750 1139 889 1204 corpore
903 1134 935 1181 et
945 1118 1054 1182 armis.

210 1223 408 1290 Exscindine
421 1223 551 1303 domm,
566 1223 599 1287 id
613 1223 711 1287 rebus
724 1223 830 1287 defuit
843 1248 961 1304 unum,

211 1331 397 1418 Perpetiar?
408 1328 520 1393 dextra
533 1351 594 1393 nec
607 1329 743 1392 Drancis
756 1323 843 1392 dicta
856 1327 1023 1392 refellam?

210 1439 319 1522 Terga
334 1435 440 1498 dabo?
454 1450 486 1496 et
498 1436 650 1496 Turnum
663 1434 844 1519 fugientem
858 1431 929 1497 lraec
941 1450 1027 1497 terro
1039 1432 1185 1522 videbit?
1214 1449 1256 1506 645

212 1545 327 1630 Usque
338 1539 466 1603 adeone
479 1539 563 1601 mori
575 1539 733 1602 miserum
747 1541 814 1602 est?
825 1561 900 1618 vos,
914 1563 934 1603 o
946 1539 1029 1602 mihi
1040 1541 1157 1605 Manes

211 1651 288 1712 Este
300 1645 394 1722 boni,
409 1643 566 1731 quoniam
579 1643 706 1729 superis
718 1666 831 1707 aversa
843 1643 1004 1709 voluntas,

212 1755 327 1820 Sancto
339 1749 381 1814 ad
393 1771 452 1812 vos
464 1749 587 1826 anima,
600 1763 699 1837 atque
712 1749 805 1814 istius
817 1749 919 1815 inscia
932 1752 1037 1839 culpae

212 1935 313 1988 quatuor
325 1923 403 1965 Burin.
418 1930 441 1964 et
457 1917 526 1964 Goth.
539 1930 591 1964 tert.
603 1934 656 1964 cum
668 1919 734 1964 nom.
748 1919 812 1982 quod
827 1932 849 1964 et
861 1922 937 1980 ipsum
949 1919 1005 1964 ferri
1016 1930 1093 1980 potest
1098 1937 1105 1976 ;
1118 1933 1143 1968 et
1159 1927 1262 1986 reposuit

213 1991 308 2038 Wakel.
323 2017 353 2026 -
365 1987 418 2034 636.
429 1991 505 2032 miseri
508 1988 593 2052 fratris
604 1987 667 2050 apud
679 1988 783 2041 Macrob.
797 1989 836 2040 1v.
848 2004 869 2034 π.
880 2015 910 2024 -
921 1990 975 2052 637.
989 1992 1048 2034 Nam
1060 1992 1117 2054 quid
1127 1995 1185 2056 eqo?
1196 1995 1263 2039 Mon·

213 2062 268 2111 talb.
281 2079 317 2125 pr.
331 2059 412 2106 Hamb.
426 2076 438 2105 a
450 2075 481 2104 m.
498 2075 557 2114 sec,
572 2062 653 2122 sicque
664 2059 707 2104 Ed.
724 2061 749 2104 P.
763 2058 879 2114 Danielis;
896 2072 919 2105 et
934 2058 1026 2122 placere
1039 2073 1124 2122 potest.
1138 2063 1174 2107 Cf.
1187 2075 1262 2110 tamen

214 2137 247 2191 X,
257 2135 310 2196 675.
321 2141 363 2177 aut
370 2146 439 2194 quom
444 2134 494 2193 jam
503 2129 600 2176 Mentel.
610 2147 659 2175 am.
668 2147 714 2176 sec.
725 2131 815 2193 spondit
822 2131 882 2176 Gud.
892 2132 986 2194 spondet
991 2135 1038 2194 jam
1048 2131 1149 2178 Dorvill.
1163 2147 1186 2180 et
1196 2134 1262 2180 Goth.

214 2221 250 2267 pr.
262 2207 335 2248 Totus
351 2217 430 2248 versus
444 2200 525 2246 deerat
537 2202 616 2261 Regio.
627 2225 659 2236 ·-
670 2199 724 2245 638.
737 2199 813 2246 oculos
827 2204 873 2262 ipse
883 2209 936 2245 onte
949 2216 1009 2246 nteos
1022 2200 1112 2246 zulich.
1126 2203 1200 2248 oculis
1211 2207 1262 2248 meis

215 2274 309 2337 quidam
323 2272 380 2316 editi
392 2270 455 2332 apud
472 2269 584 2328 Quinctil.
602 2272 646 2325 lX,
659 2270 685 2326 3,
697 2288 720 2332 p.
734 2269 791 2325 812,
803 2286 851 2333 quo
866 2272 1011 2316 Burmannus
1026 2273 1126 2316 remittit
1138 2288 1209 2333 super
1219 2273 1262 2318 hoc

214 2341 329 2406 loquendi
338 2355 432 2401 genere.
442 2365 472 2376 ·-
482 2339 535 2400 639.
546 2341 608 2404 quod
618 2341 675 2401 neg.
687 2357 732 2386 non
737 2341 819 2404 suerat
827 2341 912 2386 Medic.
925 2358 938 2386 a
950 2358 980 2386 m.
992 2357 1028 2402 pr.
1041 2355 1065 2387 et
1077 2358 1131 2404 pars
1143 2342 1213 2388 codd.
1226 2360 1261 2404 ap.

214 2417 294 2460 Burni.
307 2427 359 2456 cum
373 2409 441 2456 Goth.
454 2425 499 2463 sec.
512 2411 614 2472 Vulgare
631 2427 674 2472 pro
691 2412 811 2458 doctiore:
824 2421 917 2474 supemt
927 2428 970 2474 pro
983 2421 1023 2456 est.
1037 2413 1067 2456 cf.
1080 2414 1126 2468 111,
1139 2413 1186 2474 339
1198 2427 1221 2460 et
1232 2413 1260 2458 al.

215 2509 247 2520 .-
257 2479 311 2536 640.
324 2479 389 2524 ldem
400 2479 449 2524 fere.
463 2494 542 2524 versus
554 2496 605 2542 sup.
626 2479 668 2526 lib.
686 2483 718 2536 X,
731 2481 784 2538 ⁸6²·
795 2506 826 2518 -·
837 2481 891 2538 641.
904 2491 1005 2528 rostrum
1022 2497 1050 2526 ne
1066 2482 1162 2530 Wakef.
1181 2501 1194 2529 e
1213 2483 1262 2528 cod.

215 2553 275 2603 Coll.
287 2555 355 2606 lesu,
371 2563 453 2612 utpote
469 2551 569 2598 suavius.
590 2553 676 2608 Urens,
699 2554 783 2616 Ufens,
798 2553 906 2600 aberratt.
918 2579 949 2590 -
959 2551 1011 2610 644.
1028 2569 1057 2598 ne
1073 2553 1104 2598 D.
1118 2554 1212 2616 Menag.
1228 2570 1260 2616 pr.

216 2629 297 2676 dextro
308 2626 405 2672 Drancis
417 2623 463 2669 haec
476 2624 580 2670 Perrhae.
598 2627 685 2670 Dranci
697 2625 811 2672 maluerat
824 2624 880 2670 olim
893 2627 985 2680 Heius,
999 2625 1059 2670 forte
1071 2637 1183 2686 tanquam
1194 2627 1262 2686 magis

215 2699 343 2760 poeticum.
355 2719 386 2730 -
397 2692 450 2749 645.
463 2701 487 2738 et
497 2693 576 2740 aberat
588 2694 654 2740 Leid.
667 2694 764 2742 Mentel.
777 2712 813 2757 pr.
826 2696 910 2741 Moret.
923 2711 968 2740 sec.
982 2707 1004 2740 et
1016 2695 1072 2755 Reg.
1079 2727 1087 2748 ,
1102 2695 1168 2756 quod
1180 2695 1259 2757 placet.
1329 2703 1330 2736 ἒ

216 2767 294 2814 videbo
306 2769 371 2812 Rom.
384 2791 415 2800 -
425 2764 479 2821 646.
491 2775 526 2811 est
537 2766 602 2811 abest
613 2766 683 2811 Goth.
696 2779 748 2813 tert.
762 2792 792 2802 -
802 2765 855 2828 647.
872 2768 967 2811 aduersa
983 2765 1069 2811 Medic.
1087 2765 1150 2811 Gud.
1165 2766 1263 2812 etmulti

216 2839 257 2886 alii
276 2855 313 2900 ap.
329 2841 408 2884 Burin.
426 2853 479 2882 cum
491 2839 565 2885 tribus
577 2837 646 2883 Goth.
660 2851 683 2884 et
698 2839 741 2884 Ed.
757 2854 793 2899 pr.
806 2851 829 2885 et
842 2837 952 2895 Mediol,
966 2853 1096 2900 perperam.
1109 2853 1190 2883 auerso
1202 2849 1262 2882 recte
1329 2831 1330 2834 ¹

215 2912 262 2972 jam
275 2911 299 2954 in
311 2907 365 2953 edd:
375 2909 480 2964 Venetis.
491 2910 575 2954 Sensus
584 2925 589 2954 :
598 2910 708 2970 quoniam
717 2908 813 2954 deorum
824 2923 961 2970 superorum
973 2907 1092 2962 voluntas,
1101 2921 1191 2952 numen
1200 2921 1264 2953 aver-

193 3019 197 3026 .
217 2995 267 3026 sunt
281 2993 326 3035 est,
344 2995 396 3034 vos,
409 2979 469 3024 odii
488 2979 570 3034 inferi,
588 2981 638 3024 sitis
656 2978 714 3025 mihi
732 2981 835 3042 propitii.
846 3005 877 3016 -
889 2979 942 3035 648.
961 2981 1005 3024 Pro
1022 2979 1106 3024 Sancto
1122 2977 1193 3024 Goth.
1212 2989 1262 3024 tert.

218 3133 273 3172 tut,
289 3113 371 3165 latere
383 3115 434 3164 vis.
445 3143 479 3150 —
489 3114 549 3164 638.
561 3113 623 3164 Non
631 3133 719 3185 repre·
763 3113 838 3166 Iliad.
853 3133 877 3174 t,
894 3113 944 3182 467
955 3113 1028 3164 urire·
1037 3108 1092 3180 αἰνὴ
1101 3125 1151 3163 etc.
1159 3141 1195 3151 —
1205 3114 1262 3178 641.

217 3193 389 3244 hendendum
406 3206 463 3244 erat
484 3211 498 3243 a
518 3192 718 3253 Grammaticis,
766 3191 862 3261 Ufens,
872 3211 898 3243 v.
912 3210 970 3263 sup.
985 3191 1044 3258 460.
1056 3191 1096 3242 De
1106 3210 1139 3242 eo
1151 3191 1198 3243 lib.
1210 3193 1264 3257 Vll,

217 3275 246 3323 in
269 3273 472 3343 superioribus,
493 3289 545 3322 vss.
569 3269 620 3340 529
643 3290 717 3342 seqq.
764 3272 814 3340 744
834 3290 907 3342 seqq.
926 3301 961 3310 --
977 3271 1037 3336 646.
1062 3271 1150 3342 Usque
1167 3273 1264 3322 adeone

217 3351 340 3402 Murrani
354 3351 424 3402 caede
436 3363 545 3401 narrata
559 3369 613 3400 non
631 3351 718 3418 udjec·
763 3351 839 3402 mori.
848 3353 962 3402 Neronis
970 3369 1035 3402 voce
1046 3349 1212 3402 celebratum
1221 3351 1265 3403 he·

219 3441 274 3478 tum
294 3433 436 3496 essehoc,
459 3430 532 3501 quod
552 3433 636 3482 Turni
657 3445 718 3484 ante
763 3431 926 3483 mistichium
940 3430 1012 3502 opud
1022 3430 1133 3482 Sueton.
1148 3433 1212 3484 Ner.
1224 3434 1265 3502 47.
1329 3449 1330 3458 ²

219 3508 311 3559 oculos
335 3513 444 3582 ejusque
463 3514 570 3563 nomine
593 3513 717 3562 invocato
763 3501 856 3562 Mdnes
867 3509 911 3562 ltic
923 3524 984 3562 sunt
997 3510 1033 3566 dii
1050 3512 1146 3578 inferi,
1163 3524 1194 3562 nt
1204 3511 1267 3563 alibi

220 3606 252 3639 ea
270 3588 341 3639 facta
361 3605 406 3641 est.
425 3595 511 3642 Potest
526 3593 617 3661 utique
636 3603 718 3662 poeta
763 3609 885 3662 quoque;
900 3593 975 3656 boeti,
988 3592 1114 3661 propitii,
1127 3604 1158 3642 ut
1168 3592 1224 3644 Ecl.
1234 3594 1265 3658 V,
1329 3603 1330 3634 ῒ

219 3685 291 3716 nunc
299 3667 365 3722 illud
372 3657 472 3720 fuctum
482 3671 589 3742 lingere,
598 3683 624 3723 et
633 3671 718 3741 phen-
762 3672 804 3724 66.
816 3672 950 3722 Sententia
961 3689 1050 3722 versus
1061 3671 1123 3736 646.
1138 3671 1201 3740 647.
1212 3673 1266 3722 fere

220 3759 306 3797 tasma
315 3760 354 3798 est
366 3750 534 3817 praeclarum,
544 3751 616 3822 quod
629 3753 717 3802 animo
763 3751 857 3802 endem
871 3769 928 3819 quae
941 3767 998 3820 sup.
1012 3749 1063 3816 xl,
1078 3751 1122 3800 51.
1140 3749 1189 3811 52,
1202 3768 1267 3820 quo-

220 3826 302 3876 Tumi
326 3825 494 3878 obversatum
523 3831 576 3881 dici
602 3843 717 3900 poterat.
762 3833 833 3881 niam
842 3829 953 3880 deorum
963 3846 1123 3898 superorum
1131 3829 1265 3894 voluntas,

220 3906 263 3956 stc
275 3923 333 3974 sup.
346 3905 395 3970 IV,
408 3905 475 3971 460,
488 3908 535 3972 461
552 3909 584 3960 de
597 3909 717 3971 Didone5
762 3927 873 3976 numen,
892 3925 1011 3960 aversum
1029 3919 1089 3958 est:
1108 3925 1176 3974 vos,
1196 3929 1212 3960 o
1231 3909 1268 3960 dii

221 3997 247 4036 et
257 4003 325 4056 seepe
336 3984 380 4035 ulii
388 3997 481 4054 poetae.
490 3987 616 4038 Ornatius
630 4002 717 4040 autern
762 3989 857 4053 inferi,
875 3989 931 4040 sitis
947 3988 1012 4040 milti
1023 3989 1147 4058 propitii.
1161 4021 1195 4028 —-
1206 3990 1265 4056 648.

223 4064 314 4115 extulit
340 4063 437 4129 Maro,
466 4063 538 4134 quod
563 4066 718 4134 simpliciter
762 4065 1045 4141 culpoe,ignon1iniae,
1062 4069 1143 4141 fugae.
1159 4079 1266 4134 sancta,
