2690 4596
486 304 706 388 enarrari
1054 323 1115 402 433

69 446 212 512 Attoniti
225 442 369 512 novitate
384 469 512 526 omnes,
527 447 727 535 monitisque
742 447 890 510 Deorum

70 554 173 619 Haud
186 555 293 643 parvis
307 553 450 632 confusi,
464 553 636 630 humeros,
649 568 749 641 atque
766 574 823 616 ora
835 551 1001 617 tenebant.
1075 563 1119 621 πίω

69 663 117 724 At
129 663 278 739 Daunus,
292 660 405 749 patriae
418 658 546 723 ardenti
559 679 738 723 concussus
750 681 862 722 amore

70 768 220 845 Eversae,
235 765 336 830 duros
349 767 489 853 gemitus
501 763 563 828 sub
576 762 676 828 corde
688 763 869 850 premebat.

72 875 157 938 Haec
169 874 255 937 inter
267 894 385 959 magno
398 871 537 934 volitans
550 869 733 957 praenuntia
746 885 839 932 motu

72 981 174 1042 Fama
187 979 266 1057 ruit,
280 978 420 1066 latisque
431 977 559 1040 animos
572 975 771 1040 clamoribus
783 975 913 1064 implet,
1146 1059 1148 1065 s

71 1082 262 1148 Adventare
275 1107 400 1147 novum
412 1082 517 1147 multo
530 1105 607 1146 cum
619 1082 722 1146 milite
735 1083 849 1161 funus,
1080 1094 1144 1152 245,

72 1193 118 1254 Et
130 1191 282 1253 Turnum
295 1191 493 1268 exanimem,
508 1204 541 1252 et
552 1183 665 1252 lethali
677 1187 814 1252 vulnere
827 1188 961 1253 victum.

73 1295 158 1362 Moir
169 1299 291 1362 turbati
303 1320 418 1362 omnes
432 1298 539 1384 nigras
553 1295 676 1359 duxere
688 1297 880 1385 frequentes

15 1409 18 1412 ’
73 1407 231 1468 Incensos
245 1426 284 1466 ex
295 1426 387 1466 more
401 1404 488 1467 faces
501 1400 714 1465 :ardentibus
727 1402 796 1490 agri

74 1508 251 1573 Collucent
262 1507 402 1572 flammis
414 1531 421 1569 ε
435 1506 557 1574 dehinc
569 1529 604 1572 se
617 1506 826 1572 venientibus
839 1503 976 1570 addunt.

74 1616 170 1696 Quos
183 1630 358 1704 postquam
370 1629 441 1678 toto
454 1613 567 1677 videre
581 1636 620 1676 ex
631 1614 761 1700 agmine
774 1629 909 1691 matres,
1084 1622 1128 1670 250

75 1722 246 1786 Percussis
258 1743 374 1786 vocem
387 1720 504 1808 palmis
517 1743 617 1808 super
630 1719 752 1783 aethera
765 1719 896 1782 tollunt.

124 1829 165 1892 At
177 1830 328 1904 Daunus,
343 1829 408 1892 cari
422 1843 458 1890 ut
469 1842 648 1914 patuerunt
660 1827 777 1888 funera
789 1824 871 1902 nati,

77 1931 246 2010 Substitit,
261 1949 293 1994 et
306 1930 440 1994 demum
454 1931 581 2017 ingenti
593 1945 743 2016 correpta
756 1926 872 1990 dolore

78 2039 148 2102 Ora
160 2057 311 2114 movens,
325 2034 474 2098 medium
487 2057 560 2098 sese
572 2032 773 2097 furibundus
787 2033 820 2095 in
833 2055 951 2119 agmen

77 2141 261 2230 Proripuit;
274 2142 494 2228 Turnumque
507 2162 608 2228 super
619 2155 801 2226 prostratus
815 2155 847 2202 et
858 2138 1003 2216 haerens,
1084 2153 1127 2199 255

79 2311 118 2324 --
136 2280 194 2351 239.
208 2278 324 2334 Attoniti
336 2281 460 2335 novitate.
481 2281 616 2334 Attonitus
628 2282 725 2334 dicitur
741 2284 844 2353 quasie
861 2283 962 2333 tonitru
976 2281 1129 2353 perculsus,

79 2376 108 2414 et
118 2361 179 2412 ideo
191 2362 263 2414 omni
275 2360 425 2413 vehementi
437 2362 649 2432 perturbationi,
664 2362 753 2414 subito
768 2361 906 2429 obruenti,
920 2361 1082 2413 attribuitur.
1093 2390 1129 2401 -

80 2443 144 2512 239.
158 2441 315 2514 monitisque
324 2443 448 2494 Deorum.
462 2443 492 2495 ld
510 2456 549 2495 est
561 2445 701 2509 monstris,
717 2443 813 2514 quibus
830 2442 1056 2505 admonebantur,
1074 2460 1131 2494 rem

80 2523 204 2594 quamvis
220 2541 343 2594 magnam
355 2523 490 2594 portendi.
508 2525 538 2574 A.
556 2551 592 2562 --
603 2524 661 2590 24ο.
682 2523 817 2588 humerus,
838 2533 918 2594 atque
936 2540 981 2573 ora
1001 2522 1129 2573 tenebant.

79 2602 213 2654 Homeros
229 2601 384 2654 evehendis
400 2604 532 2667 fascibuS,
552 2617 578 2656 et
595 2605 752 2656 sarcinulis:
773 2623 834 2667 ora,
858 2602 891 2654 ab
908 2603 1043 2662 oratione;
1064 2600 1132 2650 nihil

83 2682 157 2733 enirn
169 2678 296 2731 dicebant
309 2681 465 2750 stupefacti,
478 2700 565 2752 neque
575 2682 707 2734 ferebant.
721 2710 755 2722 -
768 2682 827 2748 242.
838 2681 875 2730 At
882 2681 994 2730 Daunus
1003 2691 1053 2730 eto.
1068 2680 1131 2729 Non

82 2769 237 2829 opportune
253 2759 362 2828 ponitur
374 2759 507 2828 particula
519 2770 561 2825 at,
575 2778 633 2829 quae
646 2760 814 2811 adversativa
826 2771 879 2822 est,
897 2769 923 2809 et
934 2757 1013 2808 rebus
1026 2769 1133 2807 contra·

81 2840 130 2890 riis
139 2838 276 2908 congruit,
286 2849 316 2886 ut
327 2838 355 2887 in
368 2838 500 2909 principio
513 2839 606 2890 lih.1v
618 2839 721 2890 AEneid.
736 2841 791 2910 qui,
800 2851 941 2909 postquam
954 2838 992 2887 sic
1005 2839 1131 2888 termina-

81 2932 126 2969 tus
139 2919 190 2969 fuit
202 2918 307 2980 tertius,
319 2955 391 2968 .....
402 2919 532 2990 Factoque
542 2917 651 2990 hicfine
662 2919 778 2991 quievit,
791 2916 921 2990 perhanc
934 2918 1130 2987 oppositionem

82 2998 195 3068 incipit:
213 2995 250 3048 At
262 2997 352 3068 regina
361 2998 439 3069 qmvi
450 2999 610 3068 jamdudum
621 3000 710 3051 saucia
723 3017 786 3049 cura
800 2996 904 3052 Vulnus
920 2995 971 3047 alit
985 2996 1069 3056 venis;
1084 2995 1133 3048 ubi

83 3079 192 3148 quietus
209 3077 320 3142 AEneas,
338 3089 363 3127 et
379 3075 489 3128 vulnere
504 3074 791 3130 communitionis·
809 3096 872 3130 uero
892 3088 954 3146 post
972 3075 1131 3128 Rutulorum

84 3157 310 3227 stupefactionem
324 3155 390 3207 nihil
404 3156 586 3226 loquentium,
601 3159 704 3210 inducit
717 3160 829 3230 gemitus
845 3159 1088 3226 compressionem:
1104 3154 1132 3205 id

84 3248 127 3290 est
139 3235 223 3286 simile
236 3235 383 3296 silentium
394 3236 466 3288 unde
476 3255 530 3288 non
541 3250 612 3289 recte
625 3238 722 3288 dicitur
732 3248 774 3303 at,
785 3237 833 3288 sed
845 3238 942 3287 rectius
955 3235 1076 3300 dixisset,
1086 3235 1130 3286 Et.

82 3317 142 3370 Viri
155 3317 327 3368 autemfortis
340 3329 394 3384 est,
407 3317 482 3368 corrle
489 3315 601 3370 dolorem
611 3337 744 3390 premere,
758 3317 828 3369 unde
839 3320 866 3368 in
878 3319 978 3388 primo,
990 3317 1023 3368 dc
1033 3317 1130 3386 AEnea,

83 3415 110 3447 v.
125 3395 192 3447 213:
210 3401 285 3466 Spem
298 3394 375 3446 vultu
387 3394 510 3460 simulat,
527 3401 624 3468 premit
639 3399 721 3449 altum
738 3398 819 3450 corde
836 3395 959 3448 dolorem.
973 3398 1003 3446 A.
1022 3429 1055 3437 —
1069 3397 1128 3464 244.

84 3477 168 3526 Fama
178 3475 239 3525 ruit.
253 3475 293 3526 lta
304 3489 367 3546 post
379 3476 475 3529 cadem
488 3478 608 3550 Euryali,
621 3482 678 3531 AEn.
691 3479 741 3544 IX,
754 3479 805 3548 473
817 3499 822 3526 :
836 3478 939 3528 Interea
950 3477 1075 3546 pavidam
1089 3497 1131 3530 vo-

85 3555 166 3607 litans
174 3566 292 3626 pennata
300 3575 349 3626 per
358 3558 447 3607 urbem
455 3557 563 3608 Nuntia
570 3558 650 3628 fame
661 3559 722 3608 ruit.
736 3561 768 3609 Et
777 3559 823 3610 lib.
834 3559 883 3625 xi,
896 3560 954 3608 AEn.
973 3559 1020 3628 139
1031 3584 1037 3612 ε
1051 3561 1131 3613 Tanti

81 3631 235 3708 proenuntia
254 3633 339 3688 lustres
350 3637 429 3707 fame
446 3635 559 3707 complet
576 3639 693 3690 Evandri
705 3640 809 3692 moenia.
827 3670 861 3679 -
882 3641 941 3711 247.
960 3643 1024 3693 Mor
1042 3661 1130 3696 omnes

84 3715 184 3767 turbati
187 3713 338 3786 frequentes
347 3716 442 3766 duxere
443 3716 518 3786 faces
527 3718 612 3790 nigras
623 3719 745 3771 incensas.
752 3719 778 3771 Si
786 3739 887 3787 omnes,
896 3734 966 3774 certe
976 3726 1128 3794 frequentes

84 3809 174 3858 erant,
189 3799 212 3847 si
227 3796 300 3847 iaces
315 3797 430 3848 incensas
443 3815 520 3869 agros
533 3798 703 3861 collustrant,
719 3801 854 3870 quomodo
869 3805 958 3875 nigras
970 3823 1066 3858 vocure
1080 3823 1129 3876 po-

85 3878 153 3930 tuit?
164 3876 301 3947 Numquid
313 3877 412 3929 oblitus
425 3879 512 3930 fuerat
524 3879 569 3931 illa
581 3879 684 3931 AEneid.
697 3881 746 3948 XI,
763 3882 830 3949 143?

192 3967 326 4016 Funereas
338 3984 451 4036 rapuere
463 3969 536 4019 faces
547 3991 552 4018 :
564 3966 635 4020 lucet
646 3969 687 4019 via
700 3969 780 4041 longo
807 4012 809 4022 .

194 4043 296 4098 Ordine
307 4044 486 4114 flammarum,
499 4060 526 4101 et
536 4048 590 4102 late
602 4048 768 4102 discriminat
781 4067 867 4123 agros.

158 4120 184 4191 l·
921 4133 954 4186 as
