2724 4600
326 289 560 357 tartareos
582 293 736 360 1111111
759 295 798 360 x.
834 317 835 320 κ
1020 308 1076 382 ip

42 414 194 504 Dispersa
206 415 343 481 inmittit
355 418 444 488 silvis
455 417 606 483 incendia
617 438 742 507 pastor,

42 523 214 610 Conreptis
227 521 338 587 subito
350 522 480 602 mediis,
495 523 681 588 extenditur
692 549 757 591 una

42 627 184 692 Horrida
196 651 259 716 per
270 617 352 692 latos
362 629 449 692 acies
462 629 617 694 Volcania
630 653 777 719 campos;

43 733 98 796 llle
110 732 234 798 sedens
247 735 352 798 victor
362 733 509 798 flammas
522 734 689 822 despectat
702 738 827 802 ovantis
839 762 846 800 ε

42 841 110 903 Non
123 839 223 904 aliter
234 841 361 903 socium
372 840 475 904 virtus
488 841 554 904 coit
563 843 671 906 omnis
684 842 717 905 in
731 866 848 923 unum,
1033 863 1083 920 tio

43 945 155 1033 Teque
165 945 275 1034 juvat,
289 945 393 1008 PaHat:
403 944 465 1010 sed
478 945 572 1010 hellis
585 969 660 1010 acer
673 947 811 1012 Halesus

41 1049 164 1114 Tendit
175 1050 211 1112 in
223 1049 392 1129 adversos,
406 1073 508 1139 seque
521 1053 555 1114 in
567 1073 626 1115 sna
638 1052 773 1139 conligit
783 1075 882 1117 arma.

42 1157 99 1220 Hie
110 1172 236 1220 mactat
248 1154 397 1236 Ladona,
411 1155 629 1245 Pheretaque,
643 1157 955 1248 Demodocumque3

41 1261 227 1349 Strymonio
241 1259 387 1325 dextram
400 1262 540 1348 fulgenti
554 1262 674 1350 deripit
686 1286 764 1328 ense

43 1366 166 1444 Elatum
179 1367 213 1429 in
220 1365 568 1454 jugulum3saxo=ferit
580 1391 637 1431 ora
649 1367 823 1451 Thoantis,
1037 1387 1082 1445 415

42 1472 188 1560 Ossaque
201 1469 355 1558 dispersit
366 1472 503 1536 cerehro
515 1475 675 1560 permixta
686 1493 834 1541 cruento.

43 1581 115 1641 Fata
127 1599 251 1642 canens
264 1577 352 1642 silvis
365 1580 494 1666 genitor
506 1580 625 1644 celarat
638 1581 810 1664 Halesum,

1008 1735 1012 1765 1

42 1769 110 1814 Porro
119 1785 167 1815 sec.
177 1767 288 1814 Hottend.
299 1779 384 1833 optatu.
394 1798 426 1808 —
434 1772 488 1830 406.
499 1775 629 1838 Dispersum
638 1774 742 1821 Parrhas.
752 1800 784 1811 -
794 1773 848 1836 409.
860 1775 1041 1837 dispectatheid.
1053 1805 1084 1818 -

42 1843 177 1899 4100111111
189 1845 275 1887 socium
289 1842 389 1906 Ohloug.
403 1845 464 1890 Pier.
483 1871 515 1881 —
532 1846 586 1902 411,
599 1844 676 1890 Pallas
685 1861 765 1890 omnes
775 1846 824 1891 fere
838 1849 975 1893 vetustiores
984 1849 1083 1898 Halmii.

42 1915 99 1960 conf.
112 1914 156 1958 inf.
173 1914 216 1958 152
228 1912 270 1957 lih.
283 1915 322 1957 Xl.
338 1913 433 1972 Alesus,
448 1915 550 1974 Alaesus,
565 1915 671 1962 Halesus
686 1920 754 1962 etiam
764 1916 789 1961 h.
802 1915 818 1960 l.
831 1917 878 1962 rid.
891 1933 942 1979 sup.
957 1919 987 1962 ad
997 1937 1017 1966 v.
1031 1922 1083 1967 352.

41 1984 128 2040 -413,
137 1979 249 2035 Λάδωνα,
261 1981 348 2046 Φίρκτεὶ
357 2001 397 2040 rs,
408 1983 533 2046 Δκμόὣκόν
544 2003 577 2033 rr.
589 1987 698 2032 Laudona
707 1998 730 2032 et
739 1999 792 2030 mox
801 1985 893 2041 Ferela,
903 1985 1012 2044 Pheretis,
1022 1988 1083 2034 Phu-

40 2065 96 2100 πειτα
101 2089 108 2110 ,
118 2054 220 2110 pterea,
226 2053 303 2117 fieta,
307 2055 394 2119 fretam
398 2091 406 2112 ,
415 2057 535 2114 Pheretra,
544 2057 693 2103 librariorum
702 2058 823 2111 aberrata,
834 2069 856 2101 et
866 2057 1017 2104 Dedomocum
1021 2094 1029 2115 ,
1038 2061 1083 2106 De·

39 2127 165 2180 democum,
179 2124 313 2170 Demodum.
329 2151 361 2160 -
376 2125 429 2182 414.
448 2126 525 2189 diripit
540 2127 675 2172 deteriores.
694 2150 726 2161 -
741 2125 794 2181 416.
807 2125 911 2187 dispersit
924 2142 936 2171 e
948 2126 1084 2177 melioribus

40 2197 98 2242 Pier.
111 2209 134 2242 et
146 2198 194 2242 suis
206 2197 322 2242 Heinsius.
339 2196 423 2258 Vulgg,
438 2213 492 2243 cum
507 2215 542 2262 pr.
555 2195 624 2242 Goth.
639 2198 751 2260 disperpi't.
766 2198 795 2240 ln
809 2212 848 2258 qu.
863 2197 947 2243 Moret.
962 2199 1084 2263 disperdit:

40 2285 73 2329 pr.
85 2269 152 2314 Voss.
165 2268 268 2329 dt'spersa
276 2277 327 2314 etc.
336 2272 449 2331 permixta
457 2295 489 2304 -
497 2269 551 2332 417.
564 2271 635 2314 Fuctu
644 2285 691 2314 sec.
700 2269 785 2314 Moret.
797 2283 878 2313 cavens
888 2268 977 2332 aliquot
989 2273 1049 2316 Pier.
1061 2283 1084 2320 et

40 2353 81 2398 pro
93 2337 141 2382 div.
151 2335 209 2381 lect.
220 2352 256 2398 pr.
270 2337 351 2382 Hamb.
357 2371 366 2393 ,
377 2340 457 2401 sicque
469 2338 509 2384 alii
522 2356 559 2402 ap.
572 2341 635 2385 Serv.
648 2340 726 2385 Potest
738 2351 761 2384 et
770 2337 815 2383 hoc
825 2338 932 2394 delendi,
945 2342 1015 2387 etiam
1024 2358 1083 2405 prte-

39 2408 90 2454 lerri
97 2443 104 2465 ‚
111 2406 297 2462 otmenscelerat3
306 2409 347 2454 ted
357 2408 457 2456 altemm
469 2422 492 2456 et
504 2412 580 2472 ipsum
589 2411 678 2457 bonum
688 2422 729 2468 est,
740 2422 763 2456 et
772 2427 784 2455 a
794 2408 859 2456 libris
870 2409 1011 2458 defenditur.
1022 2415 1083 2459 Prae·

42 2583 105 2636 quas
119 2579 229 2637 pastor,
248 2569 415 2620 seuomnino
429 2573 538 2640 agrestis
584 2582 703 2620 mentum
728 2568 936 2639 comparationis
960 2569 988 2617 in
1012 2567 1083 2636 hoo,

42 2645 73 2696 ad
81 2646 168 2698 solum
179 2647 354 2698 recreandum
361 2648 539 2700 incenditsic
586 2648 659 2718 quod
670 2650 698 2700 in
716 2647 815 2719 stipula
831 2647 936 2698 flamma
955 2665 1008 2696 uno
1023 2647 1083 2699 loco

41 2725 131 2777 silvam
148 2726 215 2776 dixit
230 2727 307 2777 Maro
324 2727 357 2778 de
377 2727 538 2798 leguminum
584 2740 675 2778 exorta
698 2726 751 2778 late
776 2725 944 2789 extenditur,
965 2739 991 2775 et
1012 2743 1084 2778 nunc

41 2805 149 2858 calamis
159 2806 256 2876 Georg.
268 2805 292 2869 Ι,
306 2807 356 2874 76,
368 2818 394 2856 et
406 2805 439 2858 de
449 2807 538 2858 herbis
585 2826 675 2880 pugna
691 2806 771 2858 semel
790 2825 806 2856 a
819 2805 937 2856 Pallante
952 2805 1083 2874 incoepta,

41 2883 83 2934 lih.
98 2887 127 2950 l,
142 2884 400 2948 152,etliocsensu
413 2887 541 2956 expressit
584 2906 646 2952 mox
667 2886 700 2936 ab
721 2883 870 2935 Arcadibus
892 2882 1009 2933 collectis
1031 2883 1085 2935 late

41 2960 127 3014 locum
140 2963 240 3014 Lucan.
251 2963 302 3028 IX,
315 2964 363 3015 -182
372 2982 429 3034 sqq.
439 2993 473 3006 ι-
481 2965 540 3031 406.
585 2965 750 3038 perhostiles
761 2975 860 3014 turmas
872 2973 1085 3032 propagatur.-

41 3043 152 3113 dispersa
160 3040 302 3112 epitheton
315 3043 349 3094 ab
362 3061 407 3110 eo,
419 3043 492 3113 quod
504 3061 542 3094 se·
587 3047 646 3112 411.
661 3043 772 3094 Halesus
783 3043 969 3091 Auruncorum
981 3038 1048 3102 dux,
1057 3042 1085 3092 in

42 3125 148 3190 quitur,
160 3134 293 3172 sumtum:
314 3122 387 3192 quod
400 3141 427 3175 se
439 3122 544 3193 disper·
587 3125 670 3175 Turni
681 3121 794 3192 agmine.
807 3119 861 3170 vid.
879 3117 971 3188 paullo
986 3131 1046 3170 ante
1059 3138 1083 3170 v.

41 3204 73 3251 sit
88 3201 261 3253 incendium:
277 3219 332 3262 non
346 3201 419 3271 quod
429 3201 542 3253 diversis
588 3202 648 3255 352.
659 3229 694 3240 -
705 3200 765 3264 412.
783 3215 859 3269 seque
877 3197 905 3246 in
922 3213 969 3246 sua
985 3194 1088 3269 colliqit

39 3277 106 3331 locis
116 3293 210 3351 pastor
220 3283 292 3332 fecit.
303 3281 405 3351 -407.
419 3281 544 3352 correptis
588 3299 676 3342 arrna,
687 3302 698 3325 a
708 3291 770 3349 post
779 3290 882 3328 scutum
893 3294 920 3328 se
929 3275 1036 3338 clausit;
1047 3280 1085 3330 sic

42 3361 134 3411 mediis
142 3381 152 3420 ;
165 3360 300 3430 eleganter
312 3360 347 3411 ad
360 3363 485 3412 interiora
497 3380 544 3430 pe-
587 3373 613 3412 et
625 3360 687 3422 ΧΗ,
700 3357 748 3426 491
764 3379 775 3402 n
789 3355 858 3406 Seru.
873 3355 919 3405 Est
931 3355 1051 3413 cumatile
1065 3359 1086 3411 ir

42 3453 148 3490 netrare
160 3439 234 3490 dixit,
245 3441 357 3511 Reliqua
371 3459 397 3492 v.
414 3441 474 3510 407.
490 3440 541 3506 408
587 3439 685 3498 emto,
697 3436 737 3487 ὑπ’
751 3435 856 3490 druidae.
867 3464 901 3473 -
910 3433 970 3500 415.
979 3434 1088 3487 Elatum

44 3521 227 3584 ornatissima,
240 3521 439 3589 comparatione
449 3521 542 3570 incen-
589 3519 616 3568 in
625 3513 773 3588 juqulum,
789 3526 870 3584 puta,
888 3512 992 3578 Halesi,
1008 3533 1088 3585 quem

44 3597 78 3649 dii
89 3617 153 3651 eum
165 3617 256 3671 pugna
265 3600 351 3662 faota;
362 3598 433 3650 unde
445 3612 471 3648 et
482 3617 543 3648 mox
585 3596 750 3668 Strymonius
758 3611 821 3646 ense
828 3591 870 3643 vel
879 3591 956 3643 hasta
965 3594 1087 3663 petebam

42 3678 162 3747 {lauimus
181 3689 303 3743 ovantes,
325 3681 401 3749 quasi
420 3694 544 3730 successu
592 3701 602 3722 u
609 3675 703 3748 jugulo
720 3692 769 3724 suo
789 3671 884 3722 vulnus
908 3671 1085 3724 minantem.»

45 3755 208 3824 exultantes,
230 3756 319 3809 dicere
339 3773 419 3809 ausus
441 3769 489 3809 est.
510 3783 545 3794 -
589 3756 658 3808 Serv.
672 3755 740 3806 Huic
750 3753 892 3805 Strimonio
902 3753 995 3823 igitur,
1009 3772 1088 3824 quem

46 3835 101 3905 409.
112 3837 215 3898 vietor3
228 3835 297 3889 hene
311 3837 383 3890 Serv.
399 3837 454 3902 voti
473 3851 545 3886 corn·
589 3854 621 3888 ex
638 3833 760 3903 'lrojanis
777 3833 858 3882 fuisse
877 3842 958 3905 puta,
977 3831 1088 3883 Halesus

48 3933 108 3984 pos,
125 3915 243 3984 ὶππνχᾶν
248 3939 259 3981 3
271 3931 297 3968 et
308 3917 360 3984 410
371 3919 400 3968 in
411 3934 496 3967 unum
510 3916 547 3965 lo·
590 3933 699 3966 manum
707 3930 769 3964 ense
778 3908 1088 3981 amputat.'-417.Ergo

52 4013 105 4056 sum
117 3999 210 4050 Burm.
228 3997 276 4050 Est
293 4009 382 4050 autem
395 3999 475 4050 viset
490 4013 548 4046 iuo-
592 3994 682 4052 Halesi
688 4009 785 4066 parens
793 4001 938 4055 eratvates,
945 3991 991 4059 qui
997 3988 1089 4052 tilium,

1127 954 1132 982 l
