2690 4598
240 335 281 423 76
484 334 1030 410 P.,vln01L11Mlnouls

237 456 375 522 Turbati
387 456 495 524 subito
508 458 678 524 AEneadae:
693 476 762 525 tum
775 461 940 528 Pandarus
953 465 1068 553 ingens
1235 479 1281 541 735
1332 451 1333 520 l

237 563 378 644 Emicat,
395 581 427 628 et
439 566 553 630 mortis
566 567 718 630 fraternae
730 565 876 631 fervidus
889 569 936 632 ira
952 605 954 610 ·

237 668 385 733 Effatur:
402 699 415 729 a
428 691 496 736 non
508 670 579 735 haec
592 669 708 735 dotalis
720 673 808 760 regia
819 674 956 754 Amatae,

240 776 310 841 Nec
321 778 424 841 muris
436 777 569 842 cohibet
580 777 692 864 patriis
705 775 813 842 media
826 777 931 843 Ardea
942 780 1104 843 Turnum.

237 882 349 947 Castra
361 883 493 948 inimica
504 881 613 963 vides;
626 883 716 948 nulla
727 883 805 948 hinc
818 885 904 948 exire
917 900 1072 972 potestas.
1086 913 1099 944 n

238 987 305 1053 Olli
317 987 490 1053 subridens
503 988 617 1053 sedato
628 1005 763 1077 pectore
776 992 928 1054 Turnus:
1109 1017 1113 1026 ¹
1236 1001 1283 1065 740

242 1095 396 1183 «Incipe,
410 1097 437 1161 si
449 1120 514 1185 qua
526 1097 636 1161 animo
649 1098 766 1177 virtus,
781 1113 814 1161 et
825 1120 961 1162 consere
975 1096 1136 1179 dextram,

239 1202 303 1267 Hic
314 1202 412 1266 etiam
425 1203 596 1267 inventum
611 1203 740 1268 Priamo
754 1203 899 1270 narrabis
911 1201 1081 1268 Achillem.
1094 1233 1108 1263 u

238 1307 382 1372 Dixerat.
398 1308 458 1372 lllc
470 1307 588 1372 rudem
601 1308 696 1372 nodis
710 1326 743 1373 et
757 1309 878 1374 cortice
890 1307 995 1373 crudo

238 1414 412 1502 Intorquct
423 1415 558 1478 summis
570 1412 707 1478 adnixus
719 1413 844 1478 viribus
856 1412 994 1478 hastam.

238 1520 406 1606 Excepere
418 1541 505 1582 aurae
517 1519 651 1598 volnus3
664 1519 813 1583 Saturnia
825 1520 844 1582 J
847 1542 915 1584 uno

239 1624 385 1688 Detorsit
396 1623 547 1704 veniens;
560 1638 731 1712 portaeque
745 1622 891 1711 infigitur
902 1621 1004 1687 hasta.

245 1731 311 1791 «ult
323 1752 390 1792 non
402 1728 466 1793 hoc
478 1729 596 1807 telum,
610 1752 683 1793 mea
695 1727 786 1817 quod
799 1729 831 1793 vi
844 1727 977 1792 dextera
988 1743 1109 1806 versat,

241 1835 405 1922 Effigies,
418 1857 527 1922 neque
540 1833 628 1897 enim
640 1835 667 1898 is
679 1835 736 1897 teli
748 1855 810 1898 nec
822 1833 968 1897 vulneris
980 1848 1104 1896 auctor.
1117 1860 1130 1888 n

240 1939 293 2004 Sic
304 1940 363 2017 ait,
377 1956 410 2003 et
422 1938 588 2003 sublatum
601 1939 665 2004 alte
679 1939 846 2026 consurgit
858 1939 892 2002 iu
902 1947 1032 2016 ensem,

241 2047 283 2109 Et
295 2044 437 2109 mediam
449 2045 538 2109 ferro
550 2046 680 2133 gemina
692 2046 778 2109 inter
789 2061 938 2131 tempora
950 2044 1094 2106 frontem

241 2152 381 2232 Dividit,
395 2152 601 2242 inpubesque
615 2153 739 2217 inmani
750 2153 886 2216 volnere
898 2151 1009 2214 malas.

243 2259 295 2321 Fit
307 2279 406 2322 sonus
419 2281 426 2320 ε
440 2258 564 2346 ingenti
577 2280 733 2323 concussa
748 2273 796 2321 est
808 2254 956 2344 pondere
969 2255 1076 2319 tellus.

245 2364 425 2452 Conlapsos
436 2381 526 2429 artus
537 2380 636 2452 atque
649 2388 739 2430 arma
752 2381 888 2429 cruenta
899 2361 1036 2430 cerebro

275 2543 327 2606 735.
343 2543 452 2590 AEneadoe
467 2543 540 2591 subito
561 2544 645 2590 turbati
661 2545 767 2591 Parrhas.
787 2559 839 2590 cum
854 2555 901 2590 tres
919 2560 956 2606 ap.
977 2545 1057 2590 Heins.
1077 2553 1099 2588 et
1116 2543 1241 2588 Burmann.
1257 2567 1291 2581 .-

246 2613 298 2678 738.
317 2615 370 2659 Non
387 2629 417 2658 m.
432 2614 536 2660 Parrhus.
552 2614 654 2678 prohibet
669 2617 745 2678 Sprot.
757 2641 789 2651 -
802 2616 854 2678 739.
867 2615 917 2660 vide
931 2613 1000 2660 Goth.
1013 2625 1065 2660 tert.
1080 2609 1138 2656 nulli
1147 2627 1192 2658 sec.
1205 2613 1290 2657 llamb.

244 2682 309 2729 nullu
323 2682 373 2729 huic
387 2700 433 2730 sec.
448 2685 540 2746 Menag.
556 2700 601 2730 non
615 2684 861 2748 &colliga-741.
875 2687 946 2730 animi
956 2688 1025 2728 virtus
1038 2683 1103 2727 llom.
1115 2705 1146 2716 -·
1158 2680 1210 2740 742.
1229 2681 1290 2726 Hinc

245 2754 334 2800 Zulich.
354 2759 460 2801 invictum
476 2757 504 2800 P.
524 2755 593 2801 Goth.
608 2767 674 2812 tert„
688 2755 752 2802 felici
768 2756 842 2818 lapsu.
854 2782 885 2792 —
897 2754 950 2818 743.
965 2763 987 2800 ct
997 2770 1018 2800 c.
1031 2752 1091 2797 nudo
1102 2767 1148 2797 sec.
1163 2751 1290 2812 llamburg.

243 2848 275 2861 -
287 2825 339 2887 745.
352 2827 410 2870 Exc.
428 2841 505 2871 auroe:
519 2825 601 2871 vulnus
614 2851 646 2862 -
658 2829 749 2872 veniens
764 2829 873 2890 junxerat
884 2828 989 2880 Servius,
1008 2840 1050 2870 seu
1068 2823 1121 2885 quis
1134 2820 1205 2875 aliurn
1220 2833 1243 2866 et
1258 2823 1291 2866 sic

243 2895 320 2942 vultus
329 2923 360 2934 -
371 2900 460 2944 veniens
472 2898 519 2944 duo
529 2901 607 2943 Burm.
619 2924 649 2934 -
663 2899 715 2961 746.
728 2900 829 2945 Detorsit
836 2900 916 2962 juveni
927 2913 970 2959 pro
984 2896 1030 2942 div.
1046 2894 1099 2960 leet.
1112 2909 1147 2955 pr.
1164 2892 1292 2954 llamburg.

244 2973 380 3034 tenueque'i.
395 2969 500 3016 Parthas.
514 2971 628 3034 infinqitur
638 2972 720 3016 Franc.
732 2996 763 3007 -
775 2957 828 3034 747.
846 2973 870 3015 vt'
885 2969 946 3034 quod
963 2966 1033 3012 Goth.
1050 2981 1095 3011 sec.
1108 2963 1169 3028 quod
1181 2965 1221 3007 vix
1232 2962 1294 3009 alter

244 3037 369 3100 llamburg.
384 3039 452 3086 librat
466 3040 551 3086 Medic.
569 3042 651 3097 Pierii,
669 3041 731 3086 Gud.
748 3041 832 3102 Mores.
850 3052 902 3087 tert.
915 3041 975 3085 Veu.
989 3049 1012 3084 et
1027 3038 1083 3098 Refl.
1101 3041 1190 3098 torquet
1204 3034 1291 3080 Morct.

242 3135 274 3145 -
286 3109 339 3172 748.
349 3127 422 3175 neque
431 3115 489 3158 enim
500 3127 524 3158 es
532 3127 585 3175 pars
597 3115 657 3159 Pier.
671 3124 694 3158 et
703 3114 782 3159 lleins.
793 3129 846 3158 eum
856 3109 953 3157 Mediol.
960 3121 988 3156 'et
998 3107 1067 3154 Goth.
1079 3120 1124 3150 see.
1137 3118 1160 3148 es
1172 3102 1213 3147 tale
1224 3105 1293 3150 Rom.

245 3179 279 3226 tis
292 3181 339 3227 telis
350 3183 428 3230 Schol.
442 3187 507 3230 Statii
519 3201 556 3247 ap.
570 3185 649 3230 lleina.
662 3183 696 3229 his
706 3193 721 3229 t.
738 3193 762 3229 et
776 3201 797 3228 v.
808 3183 850 3228 Ed.
863 3185 923 3228 Ven.
936 3189 999 3226 actm
1009 3175 1078 3223 Goth.
1093 3184 1143 3220 tert.
1155 3175 1192 3218 Jo.
1206 3175 1294 3222 Schra-

245 3252 295 3298 der.
307 3252 385 3299 locum
396 3272 439 3316 pro
451 3257 573 3318 desperato
585 3255 693 3301 habebat,
703 3257 788 3300 Sensus
799 3267 874 3300 tamen
886 3251 969 3313 planus
980 3265 985 3294 z
1000 3265 1020 3294 v.
1030 3247 1122 3290 Noram.
1133 3268 1165 3279 -
1176 3245 1231 3305 750.
1244 3262 1295 3292 me-

244 3324 282 3368 dia
301 3326 359 3369 inter
373 3327 482 3373 nonnulli
494 3329 555 3373 Pier.
569 3328 669 3373 etheid.
682 3342 736 3372 cum
748 3325 817 3371 Goth.
835 3340 880 3370 sec.
893 3333 915 3367 et
931 3331 984 3366 tert.
996 3343 1027 3353 —
1039 3318 1091 3379 751.
1108 3331 1153 3379 que
1171 3316 1237 3363 abest
1249 3334 1292 3381 qu.

242 3392 327 3438 Moret.
339 3387 349 3438 i
363 3397 461 3459 pondere
477 3397 569 3461 Menag.
587 3397 631 3443 alt.
644 3421 676 3436 ·-·
688 3397 739 3458 753.
752 3394 909 3457 collapsusque
920 3406 966 3436 sec.
985 3389 1070 3434 More«.
1082 3401 1149 3433 amus
1160 3385 1215 3432 Exc.
1223 3389 1293 3434 'Bur-

249 3477 327 3507 mann.

245 3631 354 3670 tuntur:
368 3620 465 3674 durum
474 3636 562 3678 tamen
572 3627 632 3678 hoc.
643 3644 666 3677 v.
678 3627 740 3676 Var.
790 3622 864 3695 plum
880 3619 1011 3691 Apollinis
1025 3615 1101 3670 lliad.
1122 3616 1158 3678 θ,
1179 3614 1244 3681 311,
1265 3630 1293 3668 et

206 3723 214 3741 ·
244 3699 427 3770 Ilect··-737.
450 3702 543 3756 dotalis
564 3705 650 3776 repia,
673 3704 743 3754 Lau·
790 3703 915 3753 Minerva
934 3697 1010 3750 lliad.
1031 3718 1059 3758 u,
1079 3696 1131 3762 438
1153 3712 1226 3765 sqq.,
1243 3695 1293 3747 ubi

245 3779 470 3848 renium-742.
495 3793 525 3831 ut
545 3782 611 3834 illud
631 3781 676 3832 lib.
703 3783 742 3845 ll,
793 3781 843 3833 dea
857 3777 915 3847 uisi
930 3769 975 3830 iau
989 3773 1060 3842 μάλα
1078 3772 1178 3840 ψύξασα
1196 3775 1294 3824 avertit

247 3854 463 3929 549resercserpo
472 3858 744 3934 hoecDeqeneremque
792 3861 874 3914 telum
883 3857 1005 3908 Hectoris
1018 3855 1051 3906 ab
1065 3851 1220 3904 Achille-
1229 3851 1290 3920 748.

244 3932 446 4005 Neoptolcmum
456 3957 561 3991 narrare
570 3950 744 3991 metirentu—
793 3955 877 4012 neque
897 3936 968 3988 enim
991 3935 1011 3986 is
1037 3931 1083 3984 teli
1107 3946 1153 3981 nec
1175 3925 1292 3980 vulneris

247 4009 305 4082 745.
325 4016 397 4067 June
415 4017 526 4069 detorsit.
542 4019 642 4070 Praeivit
659 4037 746 4071 exem·
793 4028 899 4082 auctor,
909 4027 977 4066 uttu
990 4013 1108 4082 effugere
1117 4006 1183 4062 illud
1193 4009 1290 4080 possis;
