2736 4598
230 251 292 332 234
473 252 507 315 P.
533 243 766 316 VIRGILII
789 252 1023 320 MARONIS

226 377 260 440 Si
270 376 368 464 patrii
381 375 462 465 quid
473 377 587 442 Martis
599 376 715 458 habes,
730 377 824 442 illum
836 378 969 468 adspice
982 395 1097 446 contra

227 486 293 567 Qui
305 501 410 550 vocat.
423 515 437 543 ιι

271 592 407 657 Talibus
420 593 537 658 exarsit
549 590 645 657 dictis
657 594 813 658 violentia
825 595 946 675 Turni3

227 698 291 760 Dat
303 699 475 785 gemitum,
489 699 680 787 rumpitque
692 699 751 764 has
764 700 830 764 imo
842 717 977 788 pectore
990 722 1088 766 voces
1101 724 1108 762 :

231 832 245 862 ιι
257 806 361 892 Larga
373 804 524 894 quidem,
537 807 681 884 Drance,
696 827 828 895 semper
838 806 899 870 tibi
910 807 1006 894 copia
1017 805 1125 886 fandi,

227 911 316 974 Tum
329 934 432 1000 quum
444 911 530 976 bella
542 933 658 977 manus
670 927 826 1000 poscunt3
840 911 1055 1000 patribusque
1066 914 1194 978 vocatis

227 1017 356 1081 Primus
368 1017 535 1097 ades;sed
548 1041 615 1083 non
627 1017 786 1106 replenda
798 1033 848 1082 est
860 1019 950 1084 curia
961 1017 1070 1082 verbis
1232 1031 1274 1078 380

226 1122 308 1205 Quae
321 1139 393 1187 tuto
405 1123 466 1187 tihi
477 1146 594 1212 magna
607 1123 732 1201 volant,
747 1121 975 1200 dumdistinet
986 1123 1118 1188 hostem

227 1231 336 1316 Agger
346 1252 541 1308 moerorum,
555 1253 617 1294 nec
629 1229 792 1294 inundant
804 1230 963 1316 sanguine
976 1229 1082 1294 fossae.

227 1335 371 1400 Proinde
383 1352 462 1400 tona
474 1336 622 1425 eloquio,
637 1329 771 1402 solitum
783 1335 859 1415 ribi,
871 1358 992 1424 meque
1005 1335 1132 1400 tIrnoris

226 1513 340 1560 hortantis
352 1513 488 1562 adverbium
497 1515 542 1562 hoc
554 1515 614 1562 loco.
628 1517 660 1561 Et
672 1525 695 1561 tu
702 1519 753 1579 jam
768 1513 810 1560 Ed.
823 1531 858 1578 pr.
874 1516 1000 1560 Burmann.
1014 1539 1045 1550 -
1056 1512 1110 1576 374.
1124 1513 1210 1558 Martis
1224 1513 1278 1576 quid

226 1584 297 1630 Goth.
308 1597 360 1631 tert.
373 1585 446 1631 solnm
456 1587 547 1650 adspice
558 1587 667 1646 Waddel.
677 1588 787 1634 emendat
799 1586 862 1650 apud
872 1589 951 1632 Burm.
960 1613 992 1622 —
1003 1586 1055 1648 375.
1070 1585 1131 1644 Quid
1139 1602 1162 1630 v.
1178 1587 1242 1631 Gnd.
1255 1598 1277 1632 et

227 1654 337 1700 Rottend.
350 1667 402 1701 tert.
417 1673 429 1701 a
442 1673 472 1701 m.
485 1673 521 1720 pr.
533 1658 633 1721 Supplct
649 1658 785 1705 leidensis:
803 1659 912 1704 audacem
923 1656 996 1704 schem
1008 1666 1028 1702 te
1044 1659 1067 1702 in
1076 1655 1157 1718 proels'a
1168 1657 1238 1704 dura.
1248 1681 1278 1691 -

226 1724 281 1788 377.
294 1730 398 1792 rupitque
409 1729 514 1776 Parthas.
533 1743 556 1776 et
574 1731 645 1776 Paris.
662 1747 716 1776 cum
728 1729 798 1776 Goth.
814 1742 866 1776 tert.
880 1733 923 1776 imo
934 1745 946 1775 e
956 1738 1045 1792 pectore
1056 1744 1091 1790 pr.
1108 1727 1208 1774 Mentel.
1222 1747 1235 1774 a
1246 1745 1276 1773 m.

228 1811 264 1857 pr.
271 1830 278 1852 ,
290 1809 343 1854 aut,
355 1810 382 1843 ut
393 1799 526 1846 Burnranno
535 1801 671 1855 videbatur,
684 1805 728 1854 imp
739 1817 754 1846 α
764 1817 787 1864 p.
801 1804 843 1847 r'mo
854 1801 882 1846 de
892 1809 950 1864 pect.
968 1799 1026 1845 alter
1040 1799 1136 1854 namn,
1153 1809 1177 1843 at
1193 1801 1219 1843 in
1231 1814 1276 1844 sce.
1361 1807 1362 1836 ἲ

228 1867 313 1915 Mores.
326 1870 423 1917 deerant
432 1889 500 1920 voces
511 1890 516 1919 :
529 1871 570 1919 hus
580 1875 630 1920 imo.
639 1899 671 1910 -
681 1873 733 1936 378.
741 1875 818 1938 Lonpu
829 1890 852 1936 q.
863 1871 954 1918 Zulich.
963 1889 975 1918 a
985 1888 1015 1916 m.
1026 1887 1071 1918 sec.
1082 1872 1174 1916 Drance
1182 1886 1277 1932 semper.

228 1940 293 1987 Ordo
306 1959 333 1988 ex
345 1941 411 1989 libris
424 1945 485 1992 Pier.
502 1958 525 1992 et
540 1947 620 1992 Helos.
639 1963 683 2009 pro
693 1944 800 2008 vulgari:
813 1961 900 2008 semper
912 1946 1017 1990 Drance:
1029 1959 1099 2007 quesn
1110 1944 1176 1988 Ilum.
1190 1956 1277 1990 tuctur.

227 2011 288 2056 Tum
299 2012 402 2059 Drances
414 2014 482 2060 Goth.
495 2033 530 2078 pr.
541 2016 630 2063 Zulich.
645 2019 730 2079 etipse
741 2016 841 2072 Medic,
858 2015 899 2078 sed
911 2028 945 2061 est
960 2004 977 2058 ὃ
995 2010 1095 2076 Δράγκιι.
1106 2039 1138 2048 -
1149 2012 1203 2076 37'9.
1221 2017 1279 2058 Tum

228 2082 258 2128 ab
270 2083 374 2130 Heinsio.
387 2085 464 2148 Vulgo
476 2104 481 2133 :
495 2091 567 2133 Tunc.
576 2113 608 2124 -
617 2087 670 2134 380.
682 2086 813 2152 complenda
822 2090 903 2133 Franc.
915 2085 1026 2150 implenda
1037 2085 1108 2131 Goth.
1118 2097 1172 2131 tert.
1182 2109 1215 2120 —
1224 2085 1278 2131 381.

227 2153 311 2198 decutet
321 2155 407 2200 Medic.
422 2171 444 2203 et
456 2157 496 2204 alii
507 2161 585 2207 Heius.
599 2172 622 2206 et
633 2161 694 2205 Pier.
706 2176 759 2206 cum
768 2159 829 2204 binis
839 2157 908 2204 Goth.
919 2159 1015 2204 destinet
1025 2155 1190 2202 nom-382.
1203 2157 1280 2220 qucr

228 2237 366 2268 moerorum:
381 2228 522 2289 scripturam
534 2233 624 2292 recepit
638 2247 651 2276 e
663 2230 733 2276 codd.
745 2232 824 2276 Heius.
838 2230 867 2274 cf.
878 2245 929 2291 sup.
940 2227 970 2274 ad
979 2227 1020 2274 lib.
1034 2229 1066 2284 X,
1078 2226 1106 2282 alr
1117 2239 1140 2274 et
1155 2225 1207 2282 144.
1221 2225 1279 2271 Edi-

230 2302 280 2337 tum
302 2292 388 2355 vulgo:
407 2313 538 2355 murorum,
555 2300 620 2362 quod
638 2303 704 2346 Rom.
724 2312 810 2347 tuctur.
827 2303 854 2346 ln
871 2301 958 2346 Medic.
975 2311 998 2346 et
1015 2297 1111 2344 Mentel.
1124 2315 1159 2361 pr.
1173 2315 1186 2343 a
1198 2314 1230 2342 nr.
1243 2314 1278 2359 pr.

227 2363 316 2426 Aqqcre
328 2381 455 2412 moerorum.
468 2371 540 2416 Porro
545 2372 625 2434 fissas
634 2387 671 2434 ap.
683 2373 794 2419 Priscian.
812 2373 854 2420 lib.
866 2373 919 2418 VIII
930 2373 978 2435 legi
988 2373 1066 2417 Pierio
1079 2371 1236 2416 observatum.
1251 2373 1279 2416 At

227 2449 249 2478 v.
262 2448 313 2496 sup.
326 2434 357 2480 ad
370 2437 401 2493 x,
416 2438 452 2495 24.
467 2439 530 2486 lllud
543 2459 598 2488 vero
613 2442 688 2488 multo
700 2446 776 2490 minus
793 2444 953 2507 probandum,
966 2443 1031 2506 quod
1048 2443 1161 2488 Canterus
1173 2442 1206 2485 vt
1219 2443 1277 2487 Nou.

227 2502 292 2548 Lect.
306 2504 443 2568 Bronjecit,
454 2522 477 2556 et
493 2527 506 2556 a
524 2512 598 2558 Cerda
617 2515 744 2576 repositum
759 2514 844 2561 videor
856 2523 880 2560 et
891 2515 1002 2559 inundant
1012 2529 1030 2558 s.
1043 2511 1080 2575 f.,
1092 2511 1241 2574 postulante,
1253 2527 1280 2558 ut

228 2576 272 2631 aiis
285 2581 412 2633 sententia;
424 2598 437 2626 a
449 2598 494 2646 qua
506 2586 589 2646 utique
604 2585 728 2631 aberravit.
744 2585 801 2632 Nam
817 2598 866 2632 est:
887 2587 973 2648 Magna
988 2585 1104 2648 loqueris,
1123 2583 1180 2628 dum
1201 2582 1278 2629 adhuc

228 2647 289 2692 muri
303 2647 332 2692 ab
348 2648 449 2698 hostete
464 2666 568 2700 tutantur
581 2667 604 2702 et
620 2656 691 2702 fossas
707 2656 812 2702 nondum
830 2659 923 2720 sanguis
935 2656 1046 2711 inundat,
1062 2655 1086 2700 h.
1100 2654 1156 2700 urbs
1171 2654 1278 2699 nondum

124 2780 128 2789 .
227 2732 377 2780 oppugnatur
382 2739 389 2778 ς
400 2723 464 2785 quod
477 2727 613 2788 exquisitius
625 2727 698 2772 altero
709 2727 779 2773 modo
792 2727 891 2773 extulit:
903 2744 943 2773 nec
955 2727 1066 2773 inundent
1076 2725 1279 2789 sanqur'nefossoe?

228 2799 254 2832 ut
266 2789 376 2835 inundant
387 2792 492 2840 absolute
509 2798 538 2841 sit
554 2796 650 2842 dictum.
662 2813 702 2843 nec
718 2797 875 2860 supplendum
889 2815 916 2843 cx
928 2811 1003 2843 antec.
1015 2797 1081 2851 dum,
1094 2808 1120 2841 ut
1131 2797 1160 2841 sit
1172 2796 1277 2840 necdum.

226 2881 258 2894 -
272 2858 325 2906 383.
335 2876 391 2908 sona
401 2865 494 2912 Vratisl.
513 2865 601 2930 eloquio
614 2867 678 2916 solito
690 2868 798 2932 plerique
812 2870 873 2915 Pier.
891 2871 1003 2931 (excepto
1015 2868 1133 2926 Romano)
1150 2879 1174 2913 et
1186 2866 1278 2931 aliquot

229 3009 275 3062 alii
286 3013 371 3068 aliter.
382 3047 416 3056 -
428 3018 601 3087 3741Martis
611 3043 618 3071 .·
633 3023 727 3093 patriae
771 3022 839 3072 riam
846 3021 958 3092 propius
969 3031 1080 3091 spectet.
1093 3017 1147 3070 Sed
1155 3016 1277 3070 habebat

227 3092 534 3166 virtutisaspicecontra.
541 3102 649 3154 Homer.
657 3101 726 3162 sisne,
772 3100 941 3171 Euripidem,
950 3101 1022 3152 forte
1034 3112 1060 3152 et
1069 3097 1135 3150 alios
1144 3099 1276 3168 tragicos,

228 3167 313 3236 eirrsr3
325 3175 431 3229 ute'rrnr
446 3173 628 3231 sierdr‘nrlliad.
640 3201 671 3252 rr,
688 3176 727 3231 15.
774 3183 819 3252 qui
839 3183 869 3233 in
886 3181 1026 3232 rhetoricis
1046 3180 1087 3231 his
1106 3177 1222 3250 dialogis
1244 3179 1278 3230 ad

264 3251 323 3318 376.
335 3251 378 3302 Ad
389 3256 472 3306 verba
483 3266 640 3328 comparant
652 3258 727 3311 Iliad.
774 3259 948 3313 dramaticarn
974 3262 1089 3311 formam
1121 3261 1275 3329 compositis

227 3347 258 3387 ⁴³
275 3329 339 3396 188,
351 3344 377 3382 θῑ
389 3351 447 3404 sup.
458 3334 504 3386 lib.
515 3336 649 3404 v11,445‚
660 3351 686 3389 et
695 3336 730 3388 ad
774 3341 943 3410 praeiverunt.
952 3369 987 3378 -
997 3338 1058 3390 380.
1074 3336 1127 3389 Sed
1137 3356 1211 3390 nunc
1223 3356 1275 3390 non

228 3423 267 3456 vs.
279 3405 338 3476 378.
352 3409 428 3463 Iliad.
440 3413 473 3474 β,
490 3415 549 3484 796.
561 3415 685 3468 Ceterum
701 3419 730 3467 in
774 3432 879 3489 tempus
887 3431 927 3471 est
935 3419 1051 3470 orationi
1057 3419 1085 3468 in
1091 3419 1166 3470 curia
1175 3417 1277 3470 facien-

228 3484 280 3538 hac
292 3487 376 3539 Turni
392 3493 529 3560 oratione,
546 3494 631 3545 multo
650 3497 730 3547 etiam
774 3500 933 3552 [lm-381.
950 3500 1011 3553 382,
1027 3517 1126 3570 magna
1141 3498 1275 3568 loqueris,

227 3567 313 3637 magis
335 3586 413 3638 quam
434 3573 463 3622 in
486 3573 570 3625 altera
595 3575 729 3643 Drancis,
775 3579 838 3632 dum
854 3584 926 3634 intra
940 3581 1039 3633 moenia
1059 3591 1131 3632 tutus
1152 3580 1186 3632 ub
1200 3579 1275 3632 hoste

229 3645 320 3698 saeculi
330 3651 371 3699 sui
383 3654 490 3722 genium
502 3655 603 3706 artibus
616 3654 730 3706 rhetori·
774 3660 851 3725 lates,
858 3660 984 3726 necdum,
992 3678 1130 3712 murorum
1140 3679 1276 3732 oppugna·

231 3726 268 3774 cis
289 3726 385 3780 imbuti
403 3730 549 3786 declaravit
569 3735 654 3786 Maro.
673 3735 730 3786 Nec
777 3741 848 3791 tione
863 3741 952 3806 lacta,
963 3741 1041 3792 fossae
1053 3741 1182 3811 sanguine
1196 3758 1276 3792 creso-

231 3806 375 3876 quicquam
396 3812 424 3862 in
439 3811 555 3879 Graecis,
576 3815 659 3866 multo
678 3816 731 3865 mi·
775 3837 834 3870 rum
845 3819 1004 3889 implentur:
1016 3819 1087 3872 conl.
1097 3821 1160 3872 Ver.
1168 3821 1277 3872 Leuc.—

230 3887 330 3954 nu⁵.I¹¹
354 3888 492 3958 H⁰m0l⁰r
520 3896 632 3964 reperivi
658 3895 730 3946 arbi·
776 3897 1277 3969 383.Quumitaquemnrisadhuchos·
1361 3899 1362 3902 ’

231 3977 300 4031 “⁰‘’
318 3969 392 4038 quod
410 3970 445 4022 ad
461 3985 543 4024 artem
566 3973 730 4026 declamare·
776 3979 809 4030 tis
821 3977 986 4032 distineatur.
996 3978 1278 4051 Proinde-adformarn
