2736 4598
354 333 590 407 lENEIDOS
613 341 853 410 muru—xl.
1062 370 1124 436 229

80 468 230 555 Longus,
244 467 279 530 in
292 487 459 545 occasum,
474 466 547 530 finis
558 487 660 555 super
671 490 777 557 usque
789 469 937 549 Sicanos;
972 501 974 504 ·

79 573 227 638 Aurunci
239 573 420 660 Rutulique
433 589 561 652 serunt,
575 589 607 636 et
619 596 753 638 vomere
767 573 871 639 duros

78 679 242 742 Exercent
253 678 361 757 collis,
374 694 474 766 atquc
487 677 609 742 horum
619 681 796 766 asperrima
808 697 957 767 pascuntt·

79 784 161 847 Haec
173 785 281 847 omnis
294 785 446 870 regi0,·et
459 783 538 847 celsi
548 783 643 872 plaga
654 786 753 872 pinea
765 787 900 866 montis,
1080 799 1133 845 320·

78 891 183 954 Cedat
194 893 345 957 amicitiae
357 894 579 972 Teucrorum3
593 909 626 956 et
638 893 771 957 foederis
779 916 901 982 aequas·

77 997 235 1060 Dicamus
246 998 351 1084 leges,
365 997 539 1084 sociosque
551 998 586 1059 in
598 1020 699 1085 regna
711 1019 891 1077 vocemus;.

78 1102 274 1182 Considunt,
289 1104 316 1166 si
328 1118 437 1166 tantus
449 1124 555 1181 amor,
570 1118 603 1165 et
614 1104 735 1166 moenia
747 1103 906 1168 condant.

77 1207 134 1271 Sin
147 1208 229 1272 alios
242 1207 332 1287 finis,
345 1208 508 1295 aliamque
521 1230 691 1295 capessere
704 1226 837 1297 gentem

108 1376 162 1438 317.
173 1380 197 1421 r'n
205 1391 286 1422 ocem
295 1391 341 1422 sec.
354 1377 438 1422 Moret.
448 1402 480 1412 —
488 1376 542 1423 3¹18.
558 1377 648 1423 Amnes
654 1375 739 1440 passiin
754 1381 778 1424 in
790 1375 860 1423 codd.
872 1377 971 1439 legitur,
984 1374 1049 1438 quod
1064 1373 1130 1422 adeo·

76 1447 119 1492 Ge.
132 1448 253 1494 Fabricius
263 1449 372 1509 praeferre
382 1447 468 1503 voluit,
480 1463 611 1510 perperam:
625 1474 656 1485 -
669 1448 721 1495 320.
735 1451 779 1496 Hic
791 1451 873 1496 Franc.
883 1474 915 1484 —
924 1447 977 1505 324.
991 1449 1016 1492 st
1030 1450 1053 1492 ia
1069 1445 1125 1492 alios

74 1587 204 1660 antiquus
212 1606 276 1660 aper
286 1589 368 1655 milri,
381 1589 407 1640 h.
421 1607 476 1641 non
486 1603 580 1642 nostra
625 1610 704 1662 quant
717 1595 748 1643 in-
756 1593 798 1643 his
811 1604 982 1664 sequeretur,
999 1590 1125 1656 Catonis,

74 1666 184 1719 demum
194 1670 321 1720 memoria
331 1681 479 1740 occupatus
489 1680 515 1721 et
525 1668 580 1720 cul·
625 1672 687 1741 qui,
699 1684 729 1722 ut
744 1671 817 1742 apud
831 1671 950 1724 Servium
964 1669 1079 1741 legitur,
1095 1670 1124 1719 in

74 1760 135 1814 tus,
149 1747 242 1820 lonqus
252 1749 281 1800 in
291 1767 408 1802 occasum
417 1787 426 1814 ,
439 1769 494 1800 non
505 1749 578 1819 quod
623 1750 779 1821 Originibus
788 1762 956 1814 narraverat,
966 1750 1097 1818 Trojanos
1109 1767 1126 1799 a

72 1830 102 1879 in
113 1846 240 1880 occasum
252 1829 437 1900 protendatur,
445 1829 493 1882 sed
505 1828 578 1900 quod
624 1829 719 1880 Latino
732 1833 867 1900 accepisse
879 1847 987 1900 agrum,
998 1828 1124 1896 quiesset

74 1926 91 1958 a
102 1908 238 1959 Laurento
247 1910 275 1959 in
285 1927 408 1960 occasum
421 1919 539 1980 spectat,
552 1921 579 1959 et
623 1908 692 1958 inter
707 1907 868 1960 Laurentum
887 1921 913 1959 et
930 1919 1017 1958 castra
1032 1905 1124 1971 Troja-

73 1985 128 2037 late
145 2003 237 2038 versus
252 1988 381 2038 orientale
394 1987 497 2038 Tiberis
515 1986 577 2037 litus
623 2006 673 2052 na,
681 1990 805 2058 jugerum
818 1987 893 2038 DCC.
906 1986 1038 2038 Domitius
1050 1983 1096 2034 lib.
1110 1983 1124 2032 Ι

72 2065 200 2136 procedit
209 2084 289 2139 utque
298 2066 492 2118 adSt‘canorum
493 2062 576 2137 flues,
622 2064 738 2117 historiae
760 2085 811 2117 sure
831 2067 855 2116 D
873 2068 967 2137 jugera
985 2062 1122 2126 ediderat,

74 2147 497 2217 quosversusRomamapoeta
512 2146 579 2216 poni·
622 2158 730 2197 auctore
751 2147 859 2197 Victore
878 2146 910 2198 Ο.
930 2144 960 2195 G.
981 2145 1011 2194 R.
1029 2162 1051 2193 c.
1075 2158 1122 2206 12,

73 2225 204 2278 credibile
218 2226 254 2276 lit.
273 2224 378 2278 Scilicet
397 2237 519 2296 auctores
532 2225 576 2275 ille
623 2244 701 2295 quem
721 2245 861 2277 numerum
877 2244 908 2276 ex
924 2224 1037 2275 Hemina
1054 2239 1122 2292 quo-

72 2305 181 2358 videtur
191 2305 326 2368 habuisse,
335 2307 381 2376 qui
391 2307 501 2358 Sicanos
512 2323 578 2376 quo·
623 2323 675 2374 que
687 2307 783 2376 repetit
795 2304 899 2358 Solinus
908 2324 967 2375 cap.
982 2303 1006 2354 8.
1017 2301 1124 2353 Stadio-

74 2404 128 2455 que
147 2385 182 2436 ad
202 2386 319 2437 Tiberim
342 2384 487 2455 aliquando
507 2387 578 2437 inco·
623 2405 682 2436 rum
693 2389 739 2438 XL
752 2406 845 2459 agrum
858 2403 873 2439 a
885 2387 970 2452 colle,
988 2386 1031 2436 cui
1045 2384 1122 2436 Lavi-

72 2463 155 2516 luisse
168 2479 316 2516 narrarent.
330 2466 365 2516 cf.
380 2465 440 2515 Eac.
455 2465 490 2516 ad
501 2467 577 2531 vlll,
622 2467 696 2516 nium
723 2469 898 2539 impositum,
921 2482 1123 2537 quaquaversus

73 2544 137 2608 3115,
148 2544 275 2609 Tomlll,
284 2564 311 2615 p.
321 2544 381 2614 475.
389 2543 524 2614 Agerhic,
533 2543 579 2615 qui
623 2559 773 2616 patentem,
792 2567 841 2618 per
853 2546 940 2598 foedus
953 2565 1013 2597 cum
1025 2547 1121 2596 Latino

71 2623 144 2674 Latii
163 2641 226 2694 pars
247 2635 320 2689 erat,
340 2623 374 2674 ab
395 2623 526 2675 Auruncis
549 2635 576 2675 et
620 2640 730 2696 pactum
740 2628 849 2678 cessisse
859 2627 981 2696 Trojanis
991 2642 1122 2676 memora-

72 2704 181 2757 Rutulis
198 2707 296 2776 partim
317 2704 455 2756 colebatur
477 2706 574 2776 partim
620 2719 713 2758 vorant
728 2705 773 2757 alii
788 2705 861 2776 apud
872 2706 981 2775 Dionys.
991 2705 1019 2766 l,
1033 2704 1074 2770 59.
1085 2704 1121 2750 At

72 2786 251 2856 pascebatur:
262 2804 287 2836 v.
298 2785 359 2837 318.
371 2784 440 2856 3195
452 2804 514 2857 ergo
524 2783 574 2835 bos
619 2785 692 2856 apud
713 2785 827 2853 Appian.
849 2783 896 2834 lib.
918 2784 929 2832 l
949 2800 990 2851 pr.
1012 2782 1125 2830 Faunus

72 2865 187 2916 Rutulos
208 2877 234 2917 et
254 2865 394 2916 Auruncos
418 2864 467 2916 sub
488 2866 574 2916 Latini
619 2863 744 2914 Martias.
758 2880 819 2912 curn
833 2861 888 2912 filia
905 2861 1014 2912 Lavinia
1031 2859 1119 2909 AEneat

72 2945 189 3014 imperio
200 2945 282 2996 fuisse
294 2961 402 2996 necesse
412 2956 460 2994 est.
469 2942 535 2994 Sunt
546 2944 575 2994 in
620 2941 706 2994 CCCC
714 2940 862 2993 stadiorum
870 2957 962 3010 agrurn
970 2941 997 2988 in
1007 2937 1120 2987 circuitu

71 3024 127 3076 hoc
140 3043 204 3096 agro
219 3023 318 3090 colles,
335 3036 473 3075 estractus
487 3025 575 3094 asperi
619 3023 682 3076 dat:
698 3021 737 3072 uel
753 3022 833 3073 lilaea
847 3019 889 3086 pir
908 3020 933 3069 le
942 3013 1048 3086 mpto‘lou
1062 3037 1121 3068 aea-

72 3117 100 3156 et
114 3106 219 3170 saxosi,
231 3123 281 3156 nec
291 3105 342 3154 nisi
351 3106 458 3174 pascuis
468 3103 574 3170 idonei,
620 3102 673 3154 θίαν
687 3099 837 3169 τετρακοσίων
853 3117 910 3169 quar
923 3099 1016 3166 utique
1032 3098 1125 3148 verior

73 3196 132 3234 tum
151 3202 258 3254 qnoque
277 3185 376 3253 pineta.
396 3182 507 3234 Videtur
523 3180 575 3232 boc
620 3181 699 3232 lectio
712 3192 751 3230 est
764 3196 844 3249 quam
856 3176 930 3240 σριὸν.
947 3177 990 3226 Me
1003 3175 1036 3226 de
1045 3177 1119 3248 juge·

73 3261 110 3314 ad
123 3263 205 3315 colles
218 3261 336 3313 Albanos
351 3275 487 3333 spectare,
508 3279 574 3331 quos
621 3279 678 3310 rum
686 3277 796 3310 numero
804 3275 898 3328 parum
906 3255 1030 3307 laborare
1040 3256 1119 3307 facile

72 3361 139 3414 ager
149 3344 198 3394 iste
216 3343 344 3414 attingere
361 3341 471 3406 debuit,
489 3359 575 3411 quan·
620 3339 767 3410 intelliges;
783 3337 836 3388 hoc
851 3335 993 3402 volebam,
1008 3349 1039 3386 ut
1055 3354 1119 3388 con·

73 3420 221 3491 doquidem
245 3420 325 3472 iidem
349 3421 457 3496 omnino
482 3439 575 3491 agrum
619 3431 718 3483 staret,
739 3418 820 3468 fuisse
840 3417 939 3467 famam
960 3417 1118 3487 antiquam,

71 3499 231 3553 Laurentem
251 3499 386 3553 liniebant.
407 3501 472 3552 Sunt
489 3503 515 3552 in
531 3500 572 3551 his
620 3517 700 3570 quam
716 3499 744 3549 in
762 3515 817 3548 rem
834 3513 908 3547 suant
922 3497 1001 3546 vertit
1020 3515 1050 3548 ac
1068 3509 1122 3548 tra·

72 3582 181 3646 omnia,
193 3593 276 3652 puto,
292 3582 355 3632 satis
368 3579 499 3651 expedita.
515 3580 575 3633 Ser·
619 3579 692 3630 duxit
703 3580 788 3630 Maro.
802 3575 883 3644 Quod
892 3575 999 3627 tandem
1009 3577 1118 3628 Latinus

71 3663 133 3713 vius
149 3674 221 3713 recte
242 3661 340 3713 refellit
356 3659 508 3725 Donatum,
528 3663 574 3731 qui
619 3660 656 3711 ait
667 3658 716 3710 sili
726 3676 775 3712 esse
788 3674 882 3728 aprum
893 3673 932 3705 vs.
944 3656 1012 3720 316,
1030 3669 1119 3728 potest

73 3740 110 3792 ad
123 3759 201 3812 agros
214 3742 285 3792 circa
296 3743 423 3792 Usentcm
435 3739 460 3789 fl.
472 3741 499 3790 in
511 3740 575 3790 Vol·
619 3739 688 3805 hoc,
702 3741 724 3789 si
737 3739 795 3808 quis
808 3739 846 3788 ita
857 3735 935 3802 velit,
952 3740 1061 3808 proprie
1074 3733 1129 3789 ac·'

73 3821 125 3870 scis
136 3819 194 3872 haec
206 3819 354 3879 referebat3
368 3820 434 3882 etsi,
447 3817 520 3888 quod
531 3820 576 3869 tni·
620 3821 688 3890 cipi,
706 3837 738 3870 ex
750 3830 836 3868 vetere
852 3819 921 3881 vita,
942 3836 998 3887 qua·
1011 3818 1118 3888 regibus

72 3919 134 3966 ror,
146 3899 286 3953 Cluverius
304 3901 403 3951 Donati
419 3902 576 3953 sententiam
620 3901 752 3969 assignata
762 3899 818 3968 agri
826 3897 924 3968 portio,
930 3898 1028 3960 nisteron,
1039 3897 1118 3947 utvel

74 3979 212 4051 amplexus
230 3991 288 4046 est,
305 3977 367 4029 Ital.
389 3988 443 4027 ant.
466 3997 492 4048 p.
516 3979 574 4052 7S9.
621 3999 652 4034 ex
670 3982 785 4028 Homero
803 3990 896 4028 notum
912 3975 987 4028 Iliad.
1003 3999 1038 4042 μ,
1056 3976 1116 4027 3ι3.

72 4061 175 4116 Habuit
187 4073 276 4114 autem
286 4071 367 4131 poeta
377 4060 576 4130 auctoritatem,
656 4058 716 4125 324.
729 4055 810 4108 aliurn
823 4068 945 4130 pentem
962 4053 1056 4108 iterun?
1070 4073 1118 4124 pro
