2736 4598
343 276 755 384 susinosnmen
777 320 841 388 xi.
1049 333 1113 422 239

66 443 142 507 Non
155 443 218 508 erit
229 441 350 507 auxilio
363 441 459 506 nobis
471 425 597 506 AEtolus
610 458 643 506 et
654 444 753 531 Arpi:

67 550 109 610 At
120 550 294 635 Messapus
308 547 383 625 erit,
396 546 542 635 felixque
554 547 767 628 Tolumnius,
782 566 814 614 et
827 573 910 640 quos

67 654 134 716 Tot
146 653 263 741 populi
276 652 395 717 misere
408 651 600 732 duces3neo
612 653 705 717 tarda
718 673 877 743 sequetur
1069 679 1116 736 430

68 759 181 822 Gloria
194 757 340 824 delectos
352 759 462 838 Latio,
476 775 509 822 et
521 759 741 824 Laurentibus
753 762 848 848 agris.

68 866 128 931 Est
140 881 173 928 et
184 865 381 930 Volscorurn
394 865 524 952 egregia
536 863 578 928 de
591 881 688 952 gente
701 867 850 947 Camilla,

69 973 197 1056 Agmen
209 992 309 1057 agens
322 971 486 1059 equitum,
501 987 533 1034 et
545 970 695 1036 florentis
705 993 769 1037 aere
782 989 936 1040 catervas.

70 1074 169 1157 Quod
182 1077 275 1140 sime
287 1077 395 1140 solum
407 1077 529 1141 Teucri
541 1077 575 1140 in
588 1079 766 1142 certamine
778 1099 934 1166 poscunt,

70 1180 177 1270 ldque
189 1179 311 1268 placet,
324 1198 521 1272 tantumque
534 1182 630 1247 bonis
643 1185 876 1251 communibus
889 1188 998 1270 obsto,
1072 1207 1116 1265 435

71 1289 147 1351 Non
160 1286 244 1352 adeo
256 1287 315 1352 hes
328 1283 425 1353 exosa
437 1311 554 1353 manus
566 1289 712 1354 Victoria
724 1291 821 1378 fugit,

71 1393 116 1456 Ut
128 1409 219 1456 tanta
231 1392 413 1482 quidquam
426 1399 559 1483 prospe
572 1411 702 1460 tentare
712 1419 871 1462 recusem.

71 1497 132 1562 lbo
144 1499 262 1574 animis
274 1516 404 1581 contre;
416 1501 470 1564 vel
482 1525 639 1590 magnum
652 1519 785 1589 praestet
796 1504 972 1588 Achillem,

72 1606 237 1692 Factaque
248 1606 386 1670 Volcani
398 1606 551 1671 manibus
564 1609 655 1694 paria
668 1607 783 1673 induat
795 1631 885 1674 arma

72 1709 132 1772 llle
144 1708 222 1774 licet
234 1733 239 1772 :
253 1710 347 1776 vobis
360 1713 502 1776 animam
515 1713 615 1794 hauc,
630 1723 813 1803 soceroque
826 1717 944 1783 Latino
1073 1735 1121 1794 440

71 1817 207 1880 Turnus
220 1838 295 1903 ego,
309 1815 399 1881 haud
411 1819 471 1881 ulli
483 1835 635 1883 veterum
646 1820 769 1884 virtute
781 1822 960 1903 secundus,

73 1923 199 1986 Devovi
211 1945 218 1985 :
232 1922 339 1987 solum
352 1926 469 1988 AEneas
481 1941 592 2005 vocat3
607 1941 639 1989 et
651 1944 762 2004 vocet,
779 1944 848 1990 oro.

71 2089 175 2137 insolide
188 2092 258 2136 estin
269 2092 374 2152 integro,
386 2093 411 2136 in
423 2089 565 2136 incolumem
577 2103 673 2148 statum,
683 2094 708 2136 in
717 2093 834 2153 integrum
847 2095 956 2139 restituit.
967 2120 999 2130 —
1010 2095 1064 2159 449.
1073 2100 1120 2146 To.

73 2160 147 2208 lonius
161 2159 267 2207 Parthas.
282 2159 404 2206 Tholonius
415 2161 485 2206 Goth.
495 2174 550 2206 tert.
562 2186 594 2196 —
604 2160 657 2217 430.
672 2177 717 2206 non
727 2161 781 2206 edd.
799 2161 926 2208 nonnullae.
937 2179 978 2210 nec
991 2167 1056 2212 tarda
1071 2181 1124 2214 ten·

72 2247 144 2294 quam
154 2229 284 2292 elegantius
293 2227 383 2292 re'cepit
392 2230 521 2276 secundum
534 2231 575 2276 Ge.
586 2231 838 2276 Fabricium-Heinsius
850 2246 877 2275 ex
886 2233 960 2278 Servii
972 2239 1123 2284 auctoritate:

72 2303 112 2346 cui
122 2301 182 2345 Ven.
198 2312 221 2344 et
234 2315 277 2361 pro
284 2317 331 2345 var.
340 2299 395 2346 leet.
403 2301 496 2362 Menag.
507 2300 664 2346 accedebant:
678 2315 730 2345 cum
740 2299 810 2346 Goth.
819 2316 864 2346 sec.
875 2302 952 2347 Ceteri
962 2303 1032 2351 codd.
1042 2323 1123 2354 omnes
1209 2320 1213 2326 ’

73 2385 171 2419 tuentur
182 2371 312 2434 vulgatam:
323 2387 364 2418 nec
375 2388 453 2434 parva.
468 2388 508 2418 nec
522 2382 584 2418 tanto
593 2374 646 2418 Exc.
658 2373 737 2416 Burni.
748 2381 870 2436 sequentur
881 2376 954 2436 Bigot.
965 2376 1064 2424 Versum
1073 2377 1125 2425 lau-

73 2443 112 2488 dat
122 2440 200 2487 Schol.
211 2443 277 2487 Statii
287 2441 317 2487 ad
328 2441 360 2485 Vl
368 2441 442 2487 Theb.
454 2457 515 2503 940,
527 2443 567 2489 ubi
580 2445 682 2506 sequitur
691 2441 791 2504 explicat
801 2458 807 2488 :
820 2442 928 2490 concedit
943 2443 991 2501 illi,
1009 2446 1083 2494 datur.
1092 2475 1125 2485 -

72 2513 128 2570 434.
141 2513 239 2559 delectos
250 2512 355 2564 Perrhae.
375 2514 472 2576 dejectos
490 2513 551 2560 Gud.
568 2531 581 2559 a
600 2530 630 2558 m.
647 2529 693 2560 sec.
706 2529 758 2558 cum
771 2513 860 2576 aliquot
879 2514 930 2560 aliis
944 2515 1045 2573 Heinsii,
1057 2531 1083 2564 ut
1095 2519 1125 2566 ad

72 2585 188 2646 Trojanos
202 2583 325 2628 referatur.
341 2585 369 2627 ln
387 2583 495 2630 Mediceo
512 2599 603 2630 versum
621 2583 684 2630 hunc
701 2586 810 2646 postponi
826 2587 933 2648 sequenti
947 2599 1012 2632 notat
1030 2591 1125 2646 Burm.,

73 2654 139 2716 quod
155 2653 219 2716 apud
230 2655 367 2715 Foqginium
377 2669 426 2699 non
442 2656 474 2700 ita
490 2670 514 2700 se
530 2653 609 2700 habet.
620 2679 652 2688 -
661 2653 715 2710 433.
728 2663 751 2700 et
762 2655 827 2698 deest
838 2653 936 2699 Dorvill.
948 2656 983 2699 De
998 2667 1047 2702 toto
1057 2672 1125 2703 versu

75 2725 159 2770 dubito
169 2740 200 2770 an
211 2725 257 2771 huc
267 2723 390 2772 translatus
400 2728 429 2771 sit
439 2740 468 2770 ex
476 2725 518 2771 lib.
531 2727 586 2781 Vll,
599 2724 653 2781 804.
663 2750 695 2761 -
703 2723 757 2780 434.
770 2725 820 2783 Quo
827 2728 849 2770 si
856 2727 923 2770 iloto.
934 2724 995 2783 Quos
1004 2730 1025 2772 si
1034 2729 1125 2788 Hugeu.

76 2811 111 2842 me
126 2798 210 2842 Teucri
216 2796 289 2844 solum
300 2800 325 2842 in
337 2799 450 2844 Pierianis
459 2794 557 2859 aliquot.
568 2799 592 2842 in
599 2800 721 2842 certamine
733 2796 831 2840 Mentel.
844 2813 879 2858 pr.
893 2808 916 2841 et
924 2797 1005 2842 Franc.
1015 2797 1063 2844 vid.
1074 2805 1126 2861 sup.

68 2887 97 2915 vv.
112 2883 164 2914 ²21.
178 2869 271 2930 -439,
282 2872 357 2934 patria
369 2873 383 2914 i.
394 2885 459 2914 anna
471 2869 519 2914 duo
531 2871 609 2914 Burm.
619 2893 651 2904 -·
660 2868 713 2926 440.
726 2867 771 2913 Illa
784 2867 835 2913 licet
845 2884 881 2928 pr.
895 2869 979 2914 Moret.
993 2870 1029 2914 lre
1042 2869 1056 2915 l.
1070 2871 1126 2916 Par-

76 2939 136 2986 rhae.
151 2939 204 2986 libet
214 2943 288 3004 lligot.
299 2968 330 2977 -
343 2941 396 3000 444.
410 2941 513 2986 Devoveo
530 2952 585 2987 vett.
599 2939 654 2985 edd.
670 2951 693 2984 et
705 2939 817 3002 deinceps
828 2939 934 3000 vulqatae.
947 2940 1033 2985 Devovt'
1046 2941 1125 2986 Heius.

74 3025 87 3054 e
97 3011 159 3056 Pier.
173 3022 197 3056 et
206 3013 253 3056 suis
266 3012 381 3058 omnibus.
394 3013 480 3058 Devivo
488 3013 555 3056 Rom.
565 3011 650 3056 AEneas
660 3008 733 3057 solum
744 3011 803 3056 alter
812 3010 895 3056 Hamh.
904 3008 981 3056 Solum
989 3011 1073 3054 AEneas
1084 3028 1126 3057 vo-

76 3154 169 3220 firmo,
187 3155 348 3224 tuto,ireq'i
362 3157 580 3224 medquifflntea
623 3153 762 3218 x11‚258.
774 3151 847 3222 felix
866 3164 953 3204 autem
969 3150 996 3202 h.
1014 3165 1126 3222 potens,
1185 3149 1186 3160 ¹

77 3237 105 3285 in
117 3234 221 3286 lubrico
231 3234 362 3287 labantes.
374 3234 475 3300 ludere,
483 3249 580 3305 praeter
624 3231 721 3284 llorens
737 3232 850 3302 opibus,
867 3229 971 3281 videtur
984 3231 1127 3285 infelicita-

77 3316 290 3385 expectationem
307 3314 410 3385 aliquid
421 3313 579 3378 inferendo,
624 3325 678 3364 tem
687 3311 824 3364 Diomedis
835 3313 976 3382 respicere.
988 3313 1088 3379 -430,
1100 3328 1127 3385 et

77 3393 208 3445 mutando
220 3416 225 3443 :
238 3394 396 3464 plerumque
409 3395 436 3458 ip
447 3393 562 3446 deterius
572 3415 589 3444 ε.
624 3405 720 3464 parata
732 3393 782 3444 erit
798 3393 884 3464 gloria
898 3393 962 3461 ipsis
974 3393 1083 3445 Latinis.
1093 3425 1127 3432 ——

75 3472 103 3524 h.
121 3473 139 3523 l.
157 3475 185 3523 in
197 3473 299 3525 melius.
315 3471 455 3537 insolide,
472 3474 581 3524 1441040-
625 3471 1127 3541 432.Decamillsltb.V11‚adf.-l33.

77 3571 172 3624 grum,
187 3554 215 3603 in
226 3553 388 3604 iiicolumem
399 3566 513 3618 statum,
526 3571 582 3604 res·
618 3553 812 3630 florentesaere,
820 3553 959 3624 fulgentes.
967 3572 991 3604 v.
1002 3572 1059 3626 sup.
1068 3557 1128 3608 AEn.

77 3633 159 3682 tituil.
626 3633 689 3699 Vll‚
699 3633 757 3698 804.
769 3642 924 3703 tantumque
932 3633 1004 3686 bonis
1013 3651 1134 3686 commu·

65 3710 73 3724 ⁶
113 3712 175 3779 448.
195 3711 256 3780 449.
275 3711 439 3782 Comparant
462 3713 585 3763 Homeri·
628 3711 809 3763 nibusobsto:
827 3713 897 3762 etin
915 3724 1016 3764 tantum
1035 3713 1129 3764 obsum

78 3811 139 3843 cum
152 3790 208 3860 παρ’
226 3791 306 3856 ἐμαίγο
320 3791 360 3840 eal
376 3791 455 3850 ἄλλοι,
473 3787 536 3854 0101
553 3809 584 3855 με
630 3789 777 3842 commodis
791 3788 923 3864 publicis,
936 3804 982 3858 ut,
993 3794 1045 3843 nisi
1058 3794 1130 3846 solus

77 3867 584 3940 suprimenAEtolusetArpi:supa39
630 3868 819 3936 dimicavere,
852 3869 976 3921 concidet
1007 3873 1131 3924 universa

79 3969 134 4021 seq.
152 3951 305 4022 Messapus,
324 3947 357 4001 de
382 3966 435 4018 quo
456 3946 503 3998 lib.
521 3947 584 4012 Vll,
629 3965 699 4020 resp.
715 3947 757 4001 Sic
769 3948 891 4016 Servius,
906 3965 932 4002 et
943 3969 967 4000 v.
984 3951 1043 4021 437.
1061 3962 1132 4002 tanta

79 4031 129 4098 691
142 4047 202 4101 sqq.
212 4041 239 4083 et
247 4029 319 4082 alibi.
328 4025 526 4081 Tolumniuscl.
535 4027 583 4080 iul.
627 4046 677 4100 pte
697 4021 758 4102 spe,
780 4043 809 4084 ut
829 4030 901 4083 solus
918 4029 993 4088 dicar
1013 4019 1131 4091 seriasse
