2690 4598
320 273 555 340 uuurnos
579 273 731 340 uteru
755 238 816 343 ιιι.
1046 289 1085 372 lt

46 399 266 489 Sarranaque,
279 399 455 488 Numaque
468 421 475 461 :
489 399 604 486 ingens
617 421 794 466 concursus
806 399 848 466 ad
860 401 930 491 ipsa

3 527 4 538 ¹
47 508 204 596 Corpora,
219 508 469 595 seminecesque
481 507 584 585 viros,
598 507 776 597 tepidaque
788 527 955 576 recentem
988 570 992 581 ,
1042 524 1087 584 ιιι

48 609 140 675 Caede
152 611 281 691 locum,
296 627 329 675 et
341 611 458 699 plenos
471 613 636 698 spumanti
648 614 806 700 sanguine
818 616 914 682 rivos.

44 714 261 803 Adgnoscunt
275 715 380 804 spolia
392 717 478 781 inter
490 737 540 796 ss,
554 716 747 806 galeamque
759 719 918 785 nitentem

46 821 201 910 Messapi,
215 837 250 886 et
261 821 367 892 multo
378 821 529 909 phaleras
542 821 663 888 sudore
676 823 832 912 receptas.

84 927 126 990 Et
133 927 205 1016 jam
217 928 325 1015 prima
335 949 424 994 novo
436 927 610 1014 spargebat
621 927 747 996 lumine
758 945 860 996 terras

45 1032 179 1098 Tithoni
192 1057 349 1104 croceum
360 1033 514 1124 linquens
526 1036 653 1104 Aurora
664 1035 789 1116 uuile

45 1140 114 1202 lam
122 1139 196 1205 sole
208 1141 335 1219 infuso,
344 1139 413 1230 jem
424 1139 523 1208 rebus
535 1141 609 1206 luce
622 1143 769 1222 retectis;

46 1244 177 1310 Turnus
191 1246 225 1309 in
238 1269 329 1314 arms
340 1247 442 1326 uiros,
455 1247 554 1312 srrnis
566 1246 788 1316 circumdatus
801 1247 885 1334 ipse,

45 1348 199 1432 suscitat,
211 1368 392 1441 astutusque
403 1353 489 1418 acies
504 1353 538 1419 in
550 1353 662 1440 praelia
673 1353 775 1438 cogit,
800 1420 802 1424 .

2 1543 3 1548 η
45 1455 192 1545 Quisque
204 1479 296 1537 suos,
310 1459 472 1548 variisque
485 1474 607 1522 acuunt
618 1457 808 1522 rumoribus
820 1457 895 1520 iras.

2 1647 3 1654 ¹
70 1631 124 1690 454.
141 1634 242 1680 &meso
256 1633 327 1698 vulgo
343 1647 367 1682 et
384 1633 430 1681 hic.
449 1651 471 1678 s.
488 1650 540 1697 sup.
557 1621 587 1680 ad
605 1634 658 1682 335.
679 1635 791 1698 liemoque
808 1633 881 1696 possit
903 1631 955 1696 quis
975 1638 1087 1699 suspicari

45 1721 69 1750 ex
83 1720 105 1750 v.
122 1703 178 1750 330.
195 1707 311 1770 lamus
325 1707 362 1752 lo.
379 1704 502 1754 Schrader.
519 1705 564 1752 Sed
580 1705 672 1752 doctius
689 1707 785 1768 ponitur
803 1720 866 1749 nunc
884 1718 970 1750 novum
988 1722 1086 1767 nomen,

43 1789 149 1838 utsupra
165 1793 189 1824 s.
204 1775 250 1833 343
263 1791 297 1840 sq.
312 1787 377 1826 tanto
390 1775 458 1838 plura
472 1779 609 1840 preteriisse
622 1775 738 1823 videatur.
749 1800 781 1810 -
792 1775 845 1832 455.
859 1778 1016 1840 seminecisque
1028 1778 1087 1826 ultus
1159 1775 1163 1784 '

43 1848 167 1912 llamburg.
185 1865 233 1900 sec.
252 1850 392 1914 tepuumque
408 1852 490 1897 recenti
506 1849 571 1896 Crede
588 1848 661 1896 locum
675 1847 776 1910 vulgaris
791 1846 862 1892 lectio
875 1849 901 1892 in
916 1849 1020 1894 Romano
1034 1869 1087 1914 reg-

43 1919 109 1968 nabat
127 1937 134 1968 :
157 1937 211 1969 eam
229 1937 286 1972 seso
304 1923 329 1966 in
346 1923 394 1970 suis
412 1919 482 1966 codd.
501 1937 550 1966 non
570 1935 693 1969 occanere
713 1930 809 1964 testatur
833 1917 911 1964 Heius.
934 1933 1088 1984 praeterquam

42 1991 66 2034 iu
81 1991 142 2040 Gud.
159 2009 174 2038 ιι
190 2009 222 2040 m.
239 2008 275 2056 pr.
291 1994 379 2044 Tamen
396 2003 419 2038 et
435 1991 520 2042 Medic.
538 1991 668 2038 secundum
683 1991 821 2052 Fogginiusn
837 1987 967 2049 ambiguam
984 1990 1088 2052 scriptu-

42 2078 87 2111 ram
102 2061 185 2110 habet.
202 2063 304 2114 Alterum
320 2063 461 2116 lectionem:
476 2063 592 2126 tepidaque
608 2070 718 2114 secenum
736 2059 800 2110 Cede
818 2056 902 2115 Ιοσιιιιι,
918 2071 943 2104 ιιι
953 2062 1001 2122 jam
1012 2063 1088 2124 38⁰²·

42 2136 84 2180 tius
99 2134 252 2183 emendatum
274 2135 351 2191 dedit,
371 2135 432 2184 lssne
443 2146 501 2197 ¹post
516 2135 559 2186 Ge.
577 2134 667 2186 Febric.
684 2134 746 2180 Pier.
763 2143 786 2178 et
806 2129 864 2176 alios
882 2131 988 2178 Heinsius
1008 2144 1088 2182 tuctus

41 2222 68 2252 er
76 2208 158 2254 Sessio
168 2218 192 2254 et
200 2207 306 2254 illacrob.
317 2207 349 2251 Vl
357 2205 436 2254 Sst.,6.
446 2208 485 2252 Est
498 2222 524 2253 es
540 2205 604 2255 haud
621 2205 692 2252 dubie
704 2202 849 2264 ,elegantium
863 2219 884 2250 v.
894 2203 984 2250 Notatu-
996 2206 1087 2270 tepidu-

41 2291 83 2340 que
92 2277 220 2328 medensem
231 2278 257 2323 G.
268 2277 284 2323 l.
293 2279 389 2325 Porcius
398 2279 481 2334 Pierii,
493 2293 547 2326 cum
557 2275 594 2325 cd.
611 2274 709 2323 Mediol.
721 2297 752 2308 -
763 2271 816 2331 456.
825 2270 893 2336 pleno
901 2277 1025 2336 spuntantis
1034 2291 1087 2322 san-

40 2351 105 2410 quine
120 2352 183 2396 raros
198 2348 288 2412 aliquot
303 2350 397 2406 Heius,
410 2350 437 2397 is.
453 2348 515 2403 ut,
534 2349 604 2394 etism
619 2345 705 2392 Medic.
721 2361 735 2390 s
751 2343 862 2406 Fogginio
874 2359 1005 2406 expressus,
1017 2359 1088 2409 quern

40 2418 148 2468 Heinsius
157 2435 213 2466 curn
222 2418 284 2466 sud.
303 2432 327 2464 st
342 2435 378 2482 pr.
391 2419 486 2479 Memfi.
498 2417 576 2480 plenos
585 2418 710 2479 spumantis
727 2412 837 2460 exhihere
853 2424 943 2468 narrat,
961 2418 1086 2478 spumantis
1107 2407 1109 2418 '

40 2493 108 2538 etism
119 2507 149 2537 ex
159 2491 265 2539 llornsno
275 2501 391 2545 notatum,
407 2487 515 2552 asplenos
529 2490 654 2551 spumanu's
668 2488 829 2548 prescriptum
843 2485 928 2530 Donati
944 2499 1084 2533 commento.

40 2560 78 2606 list
87 2573 168 2608 sutem
178 2560 236 2616 hoc,
246 2559 311 2623 quod
321 2572 344 2608 et
352 2559 526 2621 (luninsslrsnrus
534 2573 597 2608 nunc
608 2570 630 2603 et
638 2553 770 2605 Wakefield
779 2569 911 2618 expressum
920 2553 997 2612 dedit,
1008 2557 1088 2603 scitius

42 2627 103 2676 laud
120 2631 195 2678 dubie
210 2631 364 2694 doctiusque:
378 2629 446 2694 pleno
460 2638 589 2692 spumantes
598 2631 705 2694 sussqus'ue
713 2630 785 2682 ιίυοι,
795 2641 865 2690 quarn
878 2624 993 2672 alterum:
1010 2625 1088 2689 plenos

42 2705 184 2763 spumantis.
195 2717 215 2747 r.
225 2703 356 2764 Utrumque
365 2713 443 2747 temen
452 2698 533 2762 paullo
541 2695 719 2762 epupsstlespss,
730 2708 756 2741 ιιι
763 2695 839 2742 solent
851 2697 894 2739 rivs'
900 2697 1014 2758 sanquim's
1028 2696 1087 2753 dici,

40 2787 103 2820 nunc
111 2771 300 2836 pessumum.
309 2773 401 2818 servius
409 2778 550 2836 spusssasstem
565 2784 584 2814 s.
602 2773 660 2817 riuos
676 2767 733 2830 legit
742 2782 773 2814 sc.
786 2766 876 2820 locum,
888 2765 957 2810 nimis
966 2765 1087 2826 magnifice

41 2845 66 2890 iu
74 2842 354 2908 caedeeliquotvisorum.
363 2866 396 2877 -
404 2841 457 2905 457.
469 2842 655 2906 Copmscuntqu.
664 2835 748 2884 Mores.
756 2862 788 2876 -
796 2835 849 2892 460.
861 2837 936 2880 Titani
941 2835 1010 2880 Goth.
1019 2847 1087 2893 sess,

42 2901 134 2961 stolide.
146 2938 179 2950 --
190 2912 244 2970 461.
255 2913 313 2958 Cum
323 2929 342 2958 s.
354 2915 369 2956 ι’.
379 2911 442 2959 idem
450 2909 519 2958 Goth.
528 2923 594 2966 tert,
606 2909 671 2973 quod
679 2908 735 2954 ferri
743 2917 828 2969 posset.
841 2906 935 2966 receptu
943 2915 999 2948 vett.
1010 2919 1089 2950 esem-

58 2981 115 3029 laris
127 2999 167 3046 ap.
177 2981 242 3028 Pier.
257 2979 340 3028 relictis
357 2997 394 3047 pr.
407 2981 488 3026 llamb.
501 3007 532 3017 ·-
544 2978 597 3037 464.
612 2979 711 3043 Quisque
722 2991 776 3022 suus
793 2991 824 3022 sc.
843 2975 903 3018 acies
914 2972 1000 3018 Medic.
1014 2984 1037 3017 et
1048 2971 1089 3019 alii

41 2999 122 3098 letne.
136 3063 161 3097 et
173 3051 251 3096 Burin.
264 3067 316 3096 cum
328 3050 397 3096 Gotlr.
410 3063 462 3097 tert.
476 3051 511 3096 lta
524 3052 600 3096 oratio
613 3051 645 3094 sic
659 3046 767 3109 procedit
777 3061 783 3090 ι
796 3051 922 3104 onusque
931 3043 990 3086 acles
1001 3044 1024 3085 s'ss
1034 3057 1090 3104 proe-

43 3120 73 3166 ls'u
81 3123 142 3186 eoqlt
151 3121 253 3185 Quisque
261 3136 327 3177 sues,
339 3121 403 3184 quod
410 3137 467 3168 seue
478 3121 674 3184 expeditissimum
685 3129 747 3172 esst,
766 3114 877 3176 quodque
888 3110 1009 3172 preferens
1021 3127 1091 3174 asgu-

37 3195 80 3238 siis
90 3191 190 3239 aliunde
201 3192 312 3239 inductu.
323 3195 458 3257 utquisque
466 3208 521 3240 suos
532 3192 641 3246 tuebatur
658 3189 700 3234 Ge.
718 3185 809 3238 edric.
822 3181 966 3243 (secundum
982 3183 1091 3233 floneti-

40 3369 76 3378 --
88 3338 154 3406 455.
175 3338 235 3406 456.
255 3340 393 3412 tepidaque
411 3350 544 3394 mensure
590 3335 680 3392 adhue
691 3349 822 3392 cruorem·
838 3324 915 3394 φὸιιι,
930 3321 992 3388 elue
1003 3328 1088 3400 λιιιρόι.

41 3419 111 3470 crede
130 3416 238 3470 baum:
252 3419 330 3471 dcete
344 3431 372 3470 et
393 3417 544 3490 eleganter,
590 3417 633 3468 Ita
650 3427 678 3470 st
695 3430 756 3467 mex
772 3407 863 3482 plenos
882 3409 1017 3478 spumanti
1032 3428 1091 3464 sats·

38 3515 97 3548 non
112 3516 164 3568 per
175 3497 350 3570 hypsllagen,
364 3511 394 3552 ut
411 3497 491 3569 vulgo
504 3515 546 3554 es·
589 3493 673 3566 quiue
685 3492 751 3547 riuos
765 3489 851 3542 dictos
864 3487 955 3556 accipe
970 3506 1019 3556 pro
1030 3490 1091 3544 riuis

41 3589 164 3645 ponunt,
174 3577 221 3628 sed
229 3560 545 3657 proptereaquisitiosqln
590 3570 736 3644 sanguinis.
749 3570 903 3622 Nectsmen
915 3565 1091 3639 infitiandum,

40 3670 66 3708 et
79 3657 544 3730 remotamesulgasiusulormsur.
593 3653 685 3724 paullo
705 3649 847 3713 tumidius,
871 3659 897 3698 et
915 3650 1013 3719 tragice
1038 3649 1092 3704 hoc

39 3735 113 3788 Nam
142 3733 215 3790 heus
235 3753 325 3790 recem
347 3737 415 3790 cede
441 3733 546 3792 doctitu
590 3732 696 3790 dietum
708 3748 772 3786 esee.
785 3729 820 3782 ci.
833 3727 976 3780 Ver-Leot.

35 3814 147 3868 dictum
174 3828 228 3882 est,
253 3833 334 3886 quatu
358 3813 428 3868 loces
450 3813 549 3869 receuti
632 3809 861 3877 recensuerunt
877 3825 915 3858 vs.
933 3807 1008 3860 Iliad.
1022 3823 1051 3870 ι,
1068 3825 1089 3860 ι.

39 3894 127 3960 cede,
145 3895 173 3948 in
188 3912 246 3965 quo
263 3893 348 3948 cedes
358 3912 453 3948 recens
465 3894 546 3950 fucta.
591 3891 694 3958 a—dlilp
702 3888 824 3944 Debebet
834 3905 890 3940 esse
899 3908 905 3937 ι
915 3887 983 3940 acies
993 3888 1021 3939 ιἰι
1028 3905 1094 3959 prse-

36 3973 74 4024 At
91 3972 175 4028 cedo
187 3972 278 4044 uptus
290 3985 401 4048 propter
411 3985 547 4044 repentens
594 3970 636 4026 lia
642 3980 771 4046 eopuutet
778 3977 896 4026 acuunt:
909 3985 934 4020 s.
947 3968 1009 4022 Vas.
1020 3968 1091 4026 Lect.
