2724 4600
241 261 300 348 ηε
482 258 516 319 r.
540 249 774 318 vineunt
795 237 1027 320 Minonis

1347 89 1348 128 ι

237 387 343 471 Atque
356 379 458 445 oculis
471 380 612 466 spatium
624 398 790 453 emensus,
807 393 967 464 quantum
979 377 1169 444 satis-hastae
1182 401 1189 442 ε
1347 345 1348 436 l

240 517 255 546 ιι
266 490 399 564 Dextra,
412 484 494 548 mihi
507 482 603 562 deus,
618 500 649 546 et
662 482 765 545 telum
775 481 867 569 quod
881 483 1003 547 missile
1012 479 1111 564 libro,

237 596 332 658 Nunc
343 590 583 669 adsint3voveo
595 585 759 676 praedonis
772 607 911 674 corpore
924 590 1023 675 raptis
1347 561 1348 640 l

238 698 396 763 Indutum
408 693 519 783 spoliis
531 694 640 781 ipsum
653 709 700 771 te,
714 694 836 770 Lause,
850 708 1012 780 tropaeum
1237 708 1279 767 775

238 807 356 868 AEueae.
370 831 383 860 ι
399 800 502 879 Dixin
514 797 773 885 stridentemque
786 797 914 861 eminus
927 795 1053 862 hristum
1347 787 1348 840 ἶ

239 908 360 999 lnjicit3
373 906 427 969 illa
438 904 551 970 volans
564 902 671 990 clipeo
683 919 731 966 est
744 923 891 980 excussa,
906 903 1089 992 proculque

238 1013 414 1102 Egregium
426 1014 571 1075 Antoren
583 1008 667 1073 latus
679 1007 765 1071 inter
778 1024 810 1072 et
821 1007 875 1070 ilia
889 1006 976 1094 figit:

172 1163 176 1169 ·
238 1117 390 1184 Herculis
403 1119 549 1180 Antoren
561 1115 729 1192 comitem,
743 1113 800 1202 qui
813 1113 930 1178 missus
942 1111 983 1176 ab
995 1113 1088 1200 Argis

221 1267 228 1282 ι
240 1228 386 1290 Haeserat
398 1219 567 1298 Evandro,
580 1236 679 1308 atque
693 1219 772 1282 ltala
784 1216 978 1283 consederat
990 1217 1081 1282 urbe.
1237 1231 1282 1293 7⁸0
1347 1239 1348 1270 ;

240 1331 401 1398 Sternitur
412 1327 525 1390 infelix
537 1326 645 1389 alieno
656 1324 806 1403 volnere,
820 1324 1003 1411 caelumque
1347 1311 1348 1318 ἵ

240 1437 401 1526 Adspicit,
416 1450 449 1497 et
460 1432 565 1497 dulcis
577 1433 722 1496 moriens
734 1431 955 1496 reminiscitur
965 1433 1078 1518 Argos.

258 1631 325 1694 .773.
340 1630 483 1690 lnterpnugo
500 1641 505 1671 ι
522 1625 622 1682 Dmtru,
641 1624 695 1671 mihi
716 1627 782 1682 deus,
805 1634 827 1672 et
846 1625 915 1670 telum
934 1649 965 1661 —
984 1625 1071 1672 adsint!
1091 1640 1121 1670 ne
1141 1626 1285 1688 accipiatur;

240 1703 322 1748 dextra
340 1697 395 1743 mihi
408 1697 463 1742 deus
482 1707 526 1750 est,
543 1705 565 1740 et
586 1695 661 1742 telum.
684 1699 742 1742 Tum
764 1701 787 1741 in
808 1695 876 1742 telum
898 1697 957 1742 Ven.
981 1695 1043 1740 vibra
1061 1693 1182 1756 Oblongus
1205 1697 1285 1742 Pierii·
1347 1705 1348 1710 ’

241 1797 273 1809 -
284 1768 337 1834 774.
351 1770 404 1813 Huc
415 1768 518 1829 llugem,
538 1777 563 1811 ut
578 1765 626 1811 Ecl.
642 1768 674 1822 ll,
693 1765 721 1822 AS
740 1779 763 1812 ct
780 1765 810 1812 al.
823 1769 882 1812 assis
894 1765 941 1810 nrt.
962 1787 992 1800 -
1010 1765 1062 1826 775.
1079 1764 1200 1810 Inducmm
1218 1765 1284 1811 Leid.

242 1839 379 1904 triumphum
393 1840 471 1900 Bigot.
486 1849 509 1883 et
523 1853 565 1900 pro
580 1853 628 1883 var.
646 1836 699 1884 lect.
716 1855 753 1900 pr.
769 1837 911 1898 Hamburg.,
932 1847 1013 1881 nutum
1028 1851 1055 1880 ex
1071 1835 1184 1896 scriptura
1203 1838 1286 1882 vitiosa

243 1911 373 1976 tropheum.
391 1907 437 1953 Sed
458 1906 550 1954 solebat
570 1907 699 1953 Mezentius
719 1909 818 1954 Lausum
836 1906 935 1952 induere
956 1907 1024 1950 armis
1042 1906 1129 1960 AEneae,
1147 1907 1219 1950 utin
1236 1917 1287 1950 tro-

242 1997 293 2047 pao
309 1993 404 2026 truncus
423 1979 490 2022 armis
506 1976 573 2021 indui
588 1975 654 2022 solet.
673 2003 704 2012 --
721 1993 773 2040 777.
790 1979 866 2040 injicit
880 1977 959 2022 lleins.
974 1991 986 2022 e
1002 1973 1108 2020 Gudiano
1120 1973 1214 2021 refinxit
1225 1990 1231 2019 ι
1243 1989 1287 2036 pro
1347 2025 1348 2030 ¹

243 2050 352 2112 vulgato:
368 2047 439 2100 lecit,
457 2053 488 2089 at.
505 2045 621 2091 Turbatur
637 2047 685 2091 fere
700 2049 725 2092 in
741 2045 821 2092 libris:
839 2047 864 2090 in
878 2044 929 2090 aliis
941 2046 1018 2089 Jecit:
1034 2041 1086 2098 illu,
1101 2045 1181 2104 sicque
1193 2045 1219 2087 in
1235 2043 1288 2088 Me-

242 2122 288 2166 dic.
307 2131 331 2164 et
351 2123 363 2162 a
380 2133 425 2163 sec.
443 2131 473 2160 m.
488 2124 514 2161 at
529 2118 649 2161 insertum.
666 2119 727 2162 lucit
742 2117 808 2162 Voss.
831 2132 867 2178 pr.
890 2117 983 2178 Conjt‘cit
1001 2113 1106 2162 Parrhas.
1124 2126 1148 2158 et
1167 2113 1285 2158 Montalh.
1347 2127 1348 2132 ¹

242 2195 315 2256 EJ'ecr't
328 2187 424 2234 Mentcl.
442 2203 477 2249 pr.
494 2189 573 2248 lnject't
587 2205 623 2250 pr.
640 2189 765 2250 llamhurg.
779 2191 838 2232 Turn
853 2186 974 2251 clypeoque
990 2199 1090 2249 quatuor
1104 2187 1232 2230 Burmann.
1245 2201 1287 2230 ex·
1347 2219 1348 2232 .

243 2260 310 2325 pulsa
328 2257 419 2303 zulich.
439 2268 462 2301 et
481 2254 539 2301 alter
557 2257 690 2318 Menag.-
702 2257 755 2320 778.
777 2260 887 2304 Amorem
905 2260 1009 2314 Servius,
1030 2255 1136 2302 Valerius
1154 2255 1246 2301 Probus
1267 2267 1289 2301 et

243 2329 372 2392 Agroeeins,
385 2326 649 2386 Grammaticijam'satis
658 2341 799 2373 monuerunt
809 2343 858 2374 esse
870 2328 899 2373 ah
909 2329 1015 2373 Antores.
1030 2319 1147 2387 ’Anartium
1156 2337 1183 2370 ut
1191 2318 1287 2388 Δύμη

243 2400 306 2447 unde
319 2410 396 2443 tamen
407 2395 490 2440 melius
501 2395 567 2441 lieret
578 2398 688 2442 Antoren.
701 2397 849 2461 Corruptelas
861 2398 908 2445 vid.
924 2413 961 2460 ap.
974 2401 1034 2444 Pier.
1053 2409 1076 2444 et
1093 2399 1171 2442 Burm.
1184 2398 1288 2442 Antoren

244 2470 309 2517 dedit
319 2485 347 2513 ex
357 2466 394 2512 ed.
406 2482 441 2529 pr.
454 2465 620 2526 Cuningham.,
630 2467 702 2531 idque
712 2481 824 2532 sequutus
833 2485 892 2515 sum.
900 2469 969 2531 Apud
978 2469 1076 2514 Cerdam
1083 2466 1184 2513 Alciatus
1193 2469 1288 2528 Parerg.

242 2544 297 2598 Vll,
315 2541 341 2586 16
351 2540 464 2585 Antonem
475 2537 579 2600 legebat,
593 2542 647 2602 quia
659 2540 797 2588 Plutarchus
812 2543 923 2588 Antonios
940 2545 1053 2604 originem
1065 2554 1088 2586 et
1100 2555 1186 2586 nornen
1198 2540 1228 2586 ab
1240 2542 1287 2584 An·
1347 2579 1348 2586 ,

244 2625 299 2658 tone
309 2608 416 2656 Herculis
427 2606 475 2652 filia
488 2607 580 2654 trahere
594 2608 652 2654 dixit
664 2611 701 2668 (in
716 2612 769 2656 Vita
784 2612 869 2657 Anton.
882 2629 935 2674 pag.
952 2626 996 2674 9¹7
1010 2612 1051 2669 C.)
1063 2610 1119 2672 fixit
1136 2609 1206 2655 Goth.
1225 2625 1286 2664 sec,

244 2685 323 2745 sicque
337 2681 454 2742 Agroecius
464 2678 494 2723 de
504 2678 675 2742 orthographia
687 2681 774 2728 laudat.
784 2709 816 2718 -
826 2699 878 2746 779.
886 2687 965 2746 jussus
976 2682 1004 2728 ab
1016 2683 1097 2726 Franc.
1108 2707 1139 2716 —
1148 2681 1202 2743 780.
1214 2684 1286 2728 corsi-

245 2755 309 2800 derat
318 2751 379 2799 Gud.
392 2767 405 2796 a
416 2766 447 2796 m.
459 2766 494 2812 pr.
508 2762 530 2796 et
540 2763 592 2797 tert.
603 2752 701 2800 Mentel.
712 2777 743 2789 —
755 2753 808 2817 782.
821 2757 916 2801 moriens
927 2751 1004 2800 dathes
1013 2752 1103 2816 aliquot
1112 2753 1191 2798 Heins.

245 2916 283 2967 De
304 2931 405 2985 magne
428 2912 505 2963 molis
526 2911 634 2964 homine
658 2926 743 2968 stante
789 2929 917 2987 tanquam
943 2926 1071 2986 tropaeum
1093 2911 1192 2977 adstet,
1214 2911 1286 2982 qnod

188 3031 193 3041 .
246 2993 335 3046 nescio
349 2991 508 3063 quambene
525 2989 642 3053 dicatum
668 2994 744 3046 aliter
790 3010 846 3049 erat
859 3009 967 3047 truncus
982 2996 1062 3046 armis
1074 2992 1194 3044 indutus.

246 3091 287 3126 res
300 3091 327 3124 se
339 3070 465 3133 haberet,
483 3069 505 3118 si
517 3069 545 3118 in
562 3069 702 3140 conflictu,
716 3075 744 3122 in
825 3075 952 3146 777.778.
961 3070 1287 3141 Intelligohastam,mag-

246 3151 390 3204 certamine
398 3158 545 3218 urgeretur,
553 3149 743 3219 impelleretur.
789 3149 1134 3220 naviactam,superliriem
1142 3167 1285 3202 convexam

246 3231 351 3282 Seruius
366 3226 494 3297 explicat:
508 3227 537 3278 in
554 3226 604 3280 hac
617 3229 702 3292 mole,
716 3241 745 3281 ut
790 3233 869 3301 clipei
881 3229 976 3298 (quem
990 3227 1079 3278 divina
1096 3239 1152 3277 arte
1169 3228 1284 3290 factum,

247 3311 358 3370 dicitur,
374 3309 402 3357 in
419 3307 544 3378 vestigio;
562 3309 635 3378 quod
650 3329 746 3381 parum
789 3301 1015 3372 Ἠφαιπὸιινκνιοη
1036 3305 1209 3378 memineris)
1233 3321 1286 3358 tan·

246 3385 450 3462 placet—773.
464 3385 507 3436 Sic
518 3387 566 3438 inf.
579 3389 698 3457 Xll‚95,
710 3389 744 3457 96
789 3401 844 3444 tum
869 3385 1023 3446 strinxisse,
1053 3380 1116 3436 hinc
1140 3385 1283 3450 resiliisse,

247 3467 342 3528 Nunc,
355 3481 493 3534 nunquam
506 3463 630 3526 frustrata
641 3476 745 3516 vocatus
788 3464 957 3517 transversim
970 3475 1070 3528 sotem,
1087 3476 1114 3515 et
1127 3465 1155 3515 in
1167 3465 1284 3517 Antoren

182 3565 185 3569 ·
247 3547 329 3598 Hasta
342 3561 427 3607 meos,
441 3561 510 3594 nanc
523 3555 622 3615 tempus
631 3545 744 3596 udest-
789 3545 937 3597 adstantem
957 3542 1107 3605 aberrass03
1130 3545 1283 3599 inmisit.-

248 3623 344 3696 Similis
361 3621 435 3673 locus
448 3635 487 3675 est
497 3624 633 3694 Apollonii
647 3624 672 3686 l,
692 3621 744 3688 446
790 3641 848 3694 779.
871 3623 975 3686 missus,
996 3624 1148 3693 profectus,
1169 3637 1199 3674 ut
1219 3625 1283 3676 bene

248 3722 303 3775 seq.
317 3733 352 3742 -
364 3701 423 3772 775.
439 3703 589 3770 Quumalii
602 3717 700 3773 tropaea
717 3704 744 3753 in
789 3703 860 3754 Serv.
879 3703 951 3752 conl.
966 3703 1016 3767 Vl,
1028 3704 1093 3766 812,
1107 3703 1166 3754 813.
1180 3733 1212 3740 -
1227 3704 1281 3771 781.

249 3787 360 3840 deorum
368 3781 498 3834 honorem
508 3795 680 3846 consecrent,
690 3783 746 3834 Me·
791 3783 850 3854 782.
861 3799 952 3834 versus
962 3780 1117 3834 dulcissimi.
1126 3779 1215 3834 alieno
1227 3779 1282 3832 vnl-

249 3864 448 3925 zentiusvovet,
459 3879 486 3912 se
500 3863 578 3914 armis
591 3860 746 3912 induturum
790 3881 868 3928 nere,
889 3861 961 3933 quod
978 3861 1056 3913 Silius
1074 3861 1147 3925 Vlll,
1165 3861 1218 3914 630
1237 3857 1282 3912 tels

250 3961 306 4000 esse
318 3942 432 3994 Lausum
451 3939 547 4006 hlium,
567 3951 597 3992 ut
618 3939 745 3994 adeoille
790 3960 845 3996 non
858 3941 886 3996 in
895 3959 943 3996 sua
955 3938 1064 3996 vulnera
1074 3939 1157 3992 misso.
