2690 4596
210 253 279 339 '456
542 251 757 318 ulrum
779 254 927 320 veen

208 379 360 470 Imposui
372 379 473 444 finem
484 401 492 442 z
505 402 595 444 nunc
606 395 670 446 stat
681 380 843 446 sententia
856 381 973 464 menti,

209 490 283 572 Qua
296 487 467 552 ductorem
479 487 546 552 alto
559 485 738 576 Phrygium
751 486 928 554 succedere
936 487 1021 554 caelo

210 595 358 673 institui,
373 613 405 659 et
418 593 511 658 firma
524 610 588 675 est;
601 614 809 682 numeroque
819 596 944 660 inferre
956 597 1110 662 Deorum
1123 617 1129 650 ’-
1145 639 1150 648 -

211 702 361 781 Constat,
377 719 410 766 et
422 700 455 765 id
468 699 616 769 concedo
628 699 754 766 libens:
768 703 822 765 Tu
833 691 860 765 si
873 693 954 790 quid
967 702 1002 766 in
1015 702 1090 790 ipso
1108 745 1112 752 -
1160 751 1163 756 .
1188 747 1190 751 -
1227 715 1269 760 615

209 809 352 875 Mortale
366 825 429 888 est,
442 808 566 887 adime,
579 824 679 896 atque
691 808 786 877 astris
797 807 989 896 ingentibus
998 807 1089 873 adde
1102 839 1110 872 ·.
1126 807 1129 816 '

210 916 300 998 Quin
314 917 340 981 si
353 917 434 980 alios
446 939 504 980 sua
517 914 617 979 habet
628 915 746 993 virtus,
757 915 818 1003 qui
830 913 928 979 laude
940 915 1082 1003 perenni
1115 937 1119 950 ¹

211 1023 392 1110 Accingant
404 1043 490 1102 sese,
505 1038 538 1086 et
550 1021 649 1110 gestis
661 1019 891 1109 praestantibus
904 1022 1028 1096 orbem*
1101 1064 1103 1070 ,
1172 1085 1178 1100 ,

210 1129 395 1207 Exornent,
409 1128 483 1192 illos
495 1148 743 1216 rursumsuper
752 1119 873 1192 aethera
886 1129 1026 1194 mittam.
1039 1157 1053 1188 a

178 1258 181 1264 ’
209 1237 390 1300 Assenserc
403 1257 518 1299 omnes
531 1233 663 1322 Superi,
677 1255 739 1298 uec
747 1235 839 1322 regia
851 1235 940 1298 June
1014 1280 1017 1286 ,

210 1341 351 1421 libauit,
363 1357 397 1404 at
407 1361 564 1428 magnum
577 1342 707 1404 AEnean
715 1338 875 1408 suadebat
887 1338 1046 1406 adultum
1059 1354 1088 1390 :a
1108 1373 1111 1376 ·
1124 1383 1127 1390 ·
1150 1387 1154 1392 -

210 1445 334 1512 Efferri
347 1447 478 1525 caelum,
493 1462 635 1510 etuoaes
647 1443 791 1525 addebat
802 1447 955 1524 amicas„—

255 1554 345 1616 Tum
356 1555 469 1616 Venus
481 1551 585 1616 aerias
598 1549 770 1616 descendit
779 1551 871 1640 lapsa
883 1566 1067 1640 par'aurus,
1090 1617 1093 1625 ,
1185 1618 1188 1627 ,

109 1650 112 1656 ’
211 1657 483 1745 Laurentumque
496 1657 597 1744 petits
611 1656 718 1735 vicina
730 1657 903 1722 Numicius
914 1657 1014 1722 undis

211 1764 393 1830 Flumineis
406 1762 463 1844 ubi
476 1763 578 1826 ctu-rit
590 1764 624 1826 in
637 1782 770 1852 aequora
781 1762 944 1828 arundine
957 1780 1075 1830 tectus.

211 1872 308 1937 Tunc
320 1893 440 1958 corpus
452 1870 520 1934 nati
532 1867 681 1949 abluere,
697 1886 730 1934 et
742 1868 873 1934 deferre
885 1869 948 1934 sub
961 1867 1069 1934 undas

211 2032 336 2085 Imitatur
347 2045 434 2084 autem
447 2029 515 2082 illud
530 2049 560 2081 ex
573 2029 675 2082 AEneirl.
691 2042 804 2100 quarto,
817 2027 869 2096 453
883 2029 997 2082 sednon
1009 2030 1055 2082 hic
1067 2030 1180 2083 felicior
1193 2047 1269 2100 quam

210 2111 326 2183 ubique;
344 2130 407 2164 narn
419 2111 505 2162 sorori
516 2109 671 2182 conjuqium
684 2109 739 2162 illio
753 2108 884 2162 suadebat
895 2109 988 2172 Anna3
1007 2123 1034 2162 et
1049 2111 1126 2162 June
1145 2109 1271 2182 conjuqiis

211 2202 327 2260 proeerat
336 2212 343 2240 :

317 2322 375 2374 Diis
387 2322 510 2393 equidem
524 2323 678 2394 auspicibus
690 2342 766 2390 reor,
779 2335 805 2375 et
816 2323 921 2374 lunone
932 2323 1068 2390 secunda,

319 2403 378 2452 Huc
391 2421 497 2454 cursum
510 2402 605 2456 Iliacas
617 2415 697 2454 vento
710 2405 827 2456 tenuisse
840 2404 953 2458 carinas.

212 2567 249 2580 ·-
258 2539 319 2591 612.
337 2556 409 2590 nuuc
423 2547 475 2590 stat
488 2537 615 2588 sententia
628 2537 720 2589 menti.
733 2540 826 2590 Fixum
844 2550 883 2590 est
896 2551 921 2590 et
933 2537 1075 2590 immotum
1088 2561 1094 2590 :
1109 2541 1148 2591 ita
1161 2540 1189 2606 in
1201 2537 1266 2589 libro

210 2618 315 2672 AEneid.
327 2619 351 2683 l,
366 2618 424 2686 264.
434 2635 557 2689 -neque
567 2619 742 2670 mesenteutt'u
757 2619 840 2670 vertit.
852 2621 886 2670 Ut
897 2621 977 2670 etiam
990 2621 1018 2669 in
1030 2619 1155 2670 secundo
1165 2616 1264 2669 AEneid.

210 2696 272 2767 750.
283 2699 341 2750 Sur
352 2714 423 2748 cesus
434 2714 557 2748 renovare
567 2715 662 2748 omues.
676 2728 708 2735 —
720 2698 779 2765 614.
796 2713 958 2768 numeroque
969 2696 1070 2770 inferre
1078 2697 1197 2748 Deorum
1209 2714 1265 2746 con·

209 2789 266 2832 stat.
280 2779 311 2830 ld
323 2792 376 2844 est,
389 2789 506 2830 constans
519 2790 544 2829 ct
557 2777 685 2829 firma'est
697 2780 836 2831 sententia.
846 2779 984 2848 A.-617.
1001 2778 1075 2848 Quin
1084 2777 1115 2830 si.
1127 2775 1203 2828 Ordo
1214 2781 1267 2828 esti

211 2859 380 2930 quinetiam,
393 2857 414 2908 si
424 2856 490 2908 alios
499 2875 563 2922 suu,
579 2859 687 2930 propria
698 2861 782 2909 virtus
794 2857 893 2922 habet,
907 2859 953 2928 qui
965 2858 1124 2930 accingunt,
1135 2867 1264 2928 exornent

208 2955 267 2990 sese
279 2939 390 3008 perenni
403 2935 497 3014 laude,
511 2949 580 3000 etc,
599 2956 647 3008 ego
661 2939 764 2989 mittam
776 2945 882 2990 rursum
895 2936 955 2989 illos
966 2955 1049 3007 super
1062 2936 1180 2996 aetlier'a3
1194 2931 1264 3006 qnod

114 3065 115 3070 ,
208 3031 321 3090 propter
332 3017 432 3069 Julium
449 3019 584 3088 praecipue
600 3017 681 3084 dicit,
697 3021 773 3090 cujus
790 3037 921 3090 apparere
935 3021 993 3088 jam
1009 3017 1083 3068 sidiis'
1100 3017 1262 3088 putabatur:

207 3098 279 3150 unde
291 3097 433 3169 Virgilius,
450 3095 505 3148 Ecl.
519 3099 571 3162 lX,
584 3097 616 3166 45
628 3119 635 3146 a
649 3100 740 3151 uEece
751 3101 849 3151 Dionei
857 3095 1117 3170 ¹processitCauoris
1131 3107 1260 3154 ostrum.»

210 3179 312 3231 -620.
324 3195 372 3228 nec
385 3178 455 3250 reqia
468 3180 540 3230 June
554 3178 664 3240 abnuit}
678 3181 806 3250 quiajam
822 3177 936 3251 placata.
949 3179 982 3228 A.
1004 3227 1006 3232 ,
1022 3213 1024 3229 .

242 3258 304 3312 623.
314 3257 428 3310 Suavius
441 3259 514 3309 Naso
525 3257 558 3310 de
569 3260 691 3326 Venere,
703 3263 731 3311 in
744 3260 812 3311 libro
825 3262 933 3311 Metam.
949 3257 1024 3324 XtV,
1038 3257 1107 3328 597:

312 3385 416 3454 Perque
427 3383 499 3436 leves
512 3403 589 3438 auras
600 3387 700 3456 junetis
713 3389 818 3441 intecta
831 3385 963 3438 columbis
1029 3381 1030 3384 '

309 3463 384 3513 Litus
398 3462 453 3514 adit
465 3465 601 3533 Laurens,
613 3457 660 3517 ubi
674 3461 755 3518 lactare
764 3465 895 3517 arundine
908 3466 991 3535 serpit
1070 3509 1073 3518 .

273 3592 275 3596 ,
310 3539 341 3588 In
353 3543 422 3594 freta
426 3543 568 3618 flumineis
580 3544 668 3596 uicina
680 3545 822 3626 Numicius
834 3545 919 3610 undis.

206 3691 242 3705 --
257 3661 319 3727 624.
334 3663 422 3716 uicina
442 3667 586 3722 Numisius
599 3671 685 3737 ,vendis
695 3669 850 3742 Flumineis.
871 3669 940 3721 Nam
957 3665 1116 3722 fluminibus
1132 3677 1258 3738 augetw

204 3741 268 3794 bino
281 3740 414 3812 colligitur
427 3745 536 3810 saltem;
551 3750 697 3802 secundum
710 3746 826 3802 mentein
838 3747 972 3818 Maepham,
985 3751 1013 3798 in
1025 3747 1197 3798 nominativo
1210 3743 1259 3794 dici

203 3821 360 3871 Numicius:
376 3821 523 3876 secundum
541 3845 621 3897 quem
635 3831 662 3880 in
678 3828 725 3879 illo
741 3827 855 3894 Tibulli,
872 3846 944 3880 sacru
962 3826 1034 3877 undu
1051 3823 1184 3888 Numici,
1199 3839 1259 3874 con·

202 3903 298 3951 tractio
314 3899 363 3951 erit
379 3898 496 3953 duarum
513 3907 646 3959 vocalium
663 3911 691 3960 in
703 3917 809 3961 unam..
831 3909 896 3960 Sunt
912 3922 1002 3959 tamen
1022 3908 1113 3976 quiet
1131 3903 1257 3956 Numicus

203 3976 257 4028 dici
270 3975 442 4029 contendant·
460 3981 492 4030 A·
510 4014 545 4020 —
559 3987 619 4037 626.
639 3987 714 4039 Tunc
730 4007 822 4060 corpus
836 3988 893 4038 nati
913 3985 1031 4037 abluere.
1048 3983 1158 4038 Scilicet
1169 3983 1257 4051 jubet,
