2690 4596
242 311 306 399 ³96
587 301 857 374 nxcunsns
880 303 933 371 rr
1333 329 1334 406 l

236 435 271 486 tis
282 427 324 485 iet
336 447 368 484 ex
377 429 462 503 adytis
472 429 655 503 AEgyptiorum
663 431 779 483 alienum
789 432 914 502 profecto
927 449 943 484 a
954 439 1037 504 poeta
1048 439 1097 484 est.
1111 431 1180 486 Erat
1193 435 1287 488 saltem
1333 427 1334 440 ¹

237 531 321 565 unum
335 511 402 564 illud
413 529 446 563 ex
456 511 587 564 Servianis
599 510 761 564 tenendum:
774 522 841 563 ortes
853 523 940 564 mutat
950 527 1009 564 esse
1023 515 1133 564 musicas
1146 533 1288 586 compara·
1333 517 1334 520 ’

238 593 329 659 tione,
342 608 396 643 nou
408 591 514 643 vocales
526 603 553 643 et
564 608 686 643 canoras.
698 589 779 657 Quod
790 602 918 661 sequutus
931 608 1039 662 quoque
1051 603 1091 642 est
1105 605 1132 644 et
1144 592 1290 645 illustravit

237 670 355 722 Gronov.
363 669 565 722 adStatiineb.
574 671 619 738 tu,
630 669 692 739 ¹⁸³5
703 670 941 740 nequequicquam
948 680 997 735 est,
1005 669 1080 740 quod
1088 689 1151 722 cum
1159 671 1291 742 loquendi

239 766 291 800 usu
298 750 381 820 magis
391 750 539 800 conveniat.
546 748 675 802 Desidere
682 762 772 800 tamen
777 747 839 814 hoc,
846 745 919 819 quod
925 749 1047 800 sicmutoe
1053 759 1122 801 ortes
1128 761 1238 801 tantum
1246 752 1290 802 uni

240 845 273 879 ex
289 827 374 879 tribus
391 826 506 892 artibus,
524 845 590 898 ques
609 829 750 880 contemsit
761 828 848 899 lapis,
864 826 1043 898 respondent,
1056 827 1161 879 scilicet
1172 830 1289 880 musice.
1333 861 1334 928 4

238 905 380 977 Adjectum
398 905 464 958 illud
489 905 618 978 inqlorito
636 906 777 960 ridebatur
798 905 863 958 mibi
877 907 967 978 potius
984 907 1124 958 notionem
1143 907 1189 958 coi
1203 918 1292 958 mutor
1333 937 1334 972 5

240 988 415 1051 constituere,
427 999 457 1037 ut
466 997 546 1038 mutoe
558 997 625 1040 artes
636 987 751 1039 sollenni
764 985 849 1060 figura
860 1005 915 1037 non
922 987 991 1051 sint,
1004 1003 1064 1057 qua
1072 985 1164 1053 silent,
1173 987 1225 1039 sed
1236 1005 1292 1057 que
1333 989 1334 1072 ᾗ

239 1066 367 1133 silentur,
378 1065 421 1118 vel
429 1066 541 1130 iaciunt,
553 1079 583 1118 ut
592 1068 621 1132 ii,
634 1069 680 1137 qni
691 1084 737 1118 eas
749 1065 851 1130 colunt,
863 1065 1007 1118 sileantur:
1021 1083 1064 1118 ars
1076 1065 1182 1118 nullam
1191 1068 1291 1119 lamam
1333 1093 1334 1134 t

239 1144 352 1214 datura,
365 1144 398 1197 de
411 1164 465 1215 qua
476 1145 592 1197 silebunt
607 1144 729 1197 homines
742 1165 749 1195 ε
767 1145 889 1215 inprimis
901 1145 1037 1210 eristius,
1055 1163 1110 1215 quo
1125 1157 1212 1216 poeta
1221 1148 1292 1198 rive·
1333 1155 1334 1158 ’

239 1224 288 1276 bat
300 1226 388 1278 saeculi
402 1228 542 1296 opinione,
558 1244 640 1296 quum
651 1223 810 1277 medicinam
820 1237 923 1276 tautum
930 1227 1000 1277 servi
1007 1225 1052 1277 vel
1062 1225 1155 1277 liberti
1162 1245 1195 1278 ac
1206 1225 1292 1277 Graeci

240 1316 411 1366 exercerent;
425 1322 507 1375 quum
520 1316 613 1356 contra
623 1303 805 1356 celebritatem
817 1315 844 1354 et
854 1303 954 1355 famam
965 1305 1035 1356 inter
1048 1303 1174 1356 homines
1190 1302 1292 1356 datura

238 1383 352 1436 inissent
363 1395 434 1437 artes
451 1385 615 1456 augurandi,
632 1383 770 1454 jaculandi
782 1395 809 1435 et
821 1382 926 1436 cithara
941 1382 1066 1436 cauendi.
1083 1383 1158 1450 Quid
1175 1386 1250 1436 euim
1266 1387 1291 1434 in

239 1460 352 1515 heroum
365 1464 420 1515 vita
431 1461 558 1515 illustrius
574 1464 615 1514 bis
630 1465 752 1516 artibus?
762 1465 845 1514 Porro
857 1465 996 1534 antiquum
1007 1481 1109 1515 rnorem
1122 1475 1206 1533 poeta
1218 1475 1291 1514 retu-
1333 1527 1334 1532 ¹

239 1540 272 1593 lit
287 1542 315 1592 in
336 1544 455 1594 amictu:
477 1552 571 1594 retorto
588 1543 734 1595 succinctus
751 1542 873 1593 amictu:
888 1541 985 1593 medici
1005 1543 1077 1592 enim
1092 1542 1149 1592 fere
1169 1541 1291 1612 palliati,
1333 1603 1334 1614 γ

238 1621 319 1672 etiam
328 1623 430 1687 Romae,
445 1620 661 1693 quandoquidem
677 1621 762 1676 Gracci
775 1623 833 1674 fere
851 1633 926 1674 erant
941 1639 1047 1692 genere·
1060 1620 1164 1672 Obvius
1183 1639 1291 1691 quoque

239 1698 312 1751 idem
323 1701 468 1773 AEsculapii
479 1700 586 1753 habitus
598 1703 626 1753 in
637 1712 758 1754 veterum
770 1703 851 1773 signis
866 1713 892 1754 et
905 1703 1000 1753 nuruis.
1019 1700 1102 1768 Quod
1117 1701 1234 1772 pallium
1250 1720 1291 1753 re·

172 1785 175 1792 '
239 1789 348 1849 torquet
360 1791 386 1831 et
398 1782 542 1852 succingit,
557 1779 734 1851 chirurgicum
746 1797 856 1852 operam
868 1793 895 1832 et
903 1783 991 1851 ipsum
1004 1782 1110 1851 arguit,
1131 1799 1188 1832 non
1205 1781 1290 1832 medi-

241 1875 315 1920 cam;
326 1860 375 1911 etsi
385 1859 508 1912 omuibus
520 1861 629 1912 omnino
636 1858 709 1912 idem
719 1871 777 1912 erat
785 1860 955 1925 iaciendum,
968 1861 1015 1930 qui
1025 1877 1054 1912 se
1066 1859 1103 1910 ad
1112 1861 1290 1912 ministerium

240 1936 283 1990 ael
296 1946 363 2008 o'pus
376 1940 560 2012 accingebant.

274 2020 444 2090 ingeniosum
462 2039 572 2092 prorsus
591 2033 631 2074 est
649 2031 828 2073 commentum
847 2019 880 2071 de
897 2017 1054 2085 dictamno,
1076 2022 1152 2090 cujus
1180 2038 1289 2072 succum

238 2112 303 2150 cum
322 2099 456 2153 ambrosia
473 2113 500 2153 at
519 2097 640 2173 panacea
658 2101 727 2155 clam
745 2100 873 2152 admiscet
891 2101 981 2151 Venus
1002 2117 1096 2171 aqua,
1117 2118 1172 2170 qua
1193 2100 1289 2151 vulnus
1333 2139 1334 2160 ,

240 2179 329 2231 AEneae
343 2181 457 2233 fovetur.
470 2180 611 2232 Substituit
627 2193 708 2251 poeta
719 2173 884 2232 dictamnum
898 2179 930 2243 on?
943 2179 1018 2248 πειρᾷ
1032 2180 1080 2248 ῥίζῃ
1099 2180 1174 2251 apud
1191 2183 1289 2232 Home·
1333 2161 1334 2208 l

240 2274 301 2308 rum
313 2258 388 2310 lliad.
401 2276 430 2320 a,
444 2258 511 2327 845,
525 2278 579 2330 qua
590 2260 728 2312 Patroclus
744 2259 862 2332 Eurypili
877 2259 981 2311 vulneri
997 2259 1136 2324 medetur,
1156 2277 1288 2331 quamque
1333 2253 1334 2256 ¹

241 2335 411 2406 gentianum,
433 2339 498 2390 olim
514 2338 681 2404 chironium,
700 2339 819 2404 dictam,
843 2355 900 2390 esse
912 2337 1004 2390 docuit
1021 2338 1163 2392 Wedelius
1182 2339 1288 2392 Gentnr.

240 2413 332 2466 Exere.
347 2416 411 2468 Dec.
426 2417 477 2481 tu,
490 2437 552 2490 pag.
565 2417 609 2484 34.
622 2421 680 2470 Nec
689 2437 753 2470 vero
771 2419 882 2490 capreas
894 2429 998 2470 tantum
1015 2417 1152 2470 silvestres
1165 2420 1194 2470 in
1212 2419 1289 2470 Creta

242 2492 397 2546 vulneribus
414 2495 549 2548 dictamno
568 2514 744 2563 succurrere,
763 2515 850 2568 eoque
869 2514 975 2550 comeso
993 2498 1027 2548 iis
1044 2494 1168 2549 excidere
1188 2497 1290 2570 spicula
1333 2511 1334 2552 l

242 2573 357 2626 credidit
369 2575 530 2647 antiquitas:
548 2577 647 2649 quade
662 2579 745 2631 revel
759 2580 856 2631 AEliaui
867 2579 942 2630 locus
953 2576 1086 2629 videndus
1103 2579 1135 2628 V.
1150 2581 1184 2630 Η.
1197 2581 1226 2644 1,
1244 2597 1288 2644 ro,

240 2651 289 2706 ubi
301 2655 335 2704 ci.
349 2655 454 2728 lntpp.,
466 2669 493 2708 et
503 2654 531 2707 b.
548 2657 567 2709 l.
582 2657 670 2709 Cerdo
683 2669 709 2710 et
723 2657 852 2711 Moebsen
864 2677 890 2710 c.
902 2657 920 2710 l·
933 2677 961 2728 p.
976 2658 1035 2711 232.
1056 2658 1123 2722 233,
1141 2657 1206 2709 add.
1220 2677 1288 2710 nnnc

239 2732 401 2786 Becltmann.
416 2749 507 2789 notter
519 2737 553 2788 ad
565 2738 661 2790 Mirab.
679 2737 768 2790 Audit.
782 2738 815 2805 4,
828 2757 920 2791 verum
933 2737 1058 2789 humanis
1071 2755 1183 2808 quoque
1195 2757 1289 2810 corpo-

242 2812 317 2868 ribus
330 2813 478 2866 adbibitum
491 2835 548 2869 esse
561 2816 741 2883 dictamnum,
756 2817 927 2870 Dioscorides
942 2828 1095 2869 auctorest
1109 2815 1157 2867 lib.
1176 2819 1231 2882 111,
1249 2819 1288 2888 37.

241 2891 320 2944 Adde
330 2891 396 2944 Plin.
410 2892 500 2960 XXV,
513 2896 545 2962 8,
562 2914 582 2946 s.
598 2893 640 2950 53.
654 2896 755 2963 XXVI,
773 2895 820 2962 14,
837 2913 857 2947 s.
872 2896 914 2964 87.
926 2895 1036 2966 Pulegio
1049 2893 1118 2946 illud
1132 2895 1222 2948 simile
1234 2913 1289 2948 esse

239 2969 361 3041 produnt
376 2985 497 3026 auctores
513 2973 634 3028 laudati:
652 2977 721 3026 inter
733 2975 843 3048 origano
860 2973 950 3026 retulit
963 2972 1095 3024 Linnuus.
1113 2974 1177 3025 Vim
1189 2973 1289 3026 babere

240 3050 270 3104 id
281 3053 415 3124 purgandi
423 3055 533 3119 vulnus,
546 3055 668 3126 adeoque
679 3053 808 3127 quicquid
819 3056 910 3107 alienu
921 3065 1022 3106 naturae
1035 3051 1106 3106 inest
1116 3053 1290 3119 extrudendi,

239 3132 320 3184 facite
333 3133 497 3205 intelligitur.
509 3137 555 3186 Uti
569 3136 658 3189 solent
669 3135 722 3188 boc
733 3148 821 3206 poetas
831 3137 916 3187 nostri
928 3135 989 3186 loco
999 3136 1053 3206 ipsi
1066 3135 1186 3186 botanici
1195 3134 1290 3188 docto·

241 3229 283 3262 res
294 3211 328 3264 ad
339 3210 488 3266 docendam
496 3234 587 3267 veram
596 3215 724 3268 dictamni
736 3217 869 3268 faciem'et
880 3218 1010 3280 formam,
1022 3233 1048 3266 v.
1059 3233 1084 3267 c.
1094 3227 1158 3287 post
1166 3215 1290 3268 Mattbio

242 3287 298 3341 lum
310 3289 444 3343 Baubinus
456 3294 523 3344 Hist.
536 3293 621 3346 Plant.
635 3295 681 3345 lib.
694 3295 884 3366 xxxvr11,p.
899 3293 949 3347 253
958 3333 966 3362 ,
975 3293 1024 3346 ubi
1035 3295 1117 3346 etism
1128 3296 1192 3345 icon
1203 3294 1290 3347 herbe

241 3379 329 3432 extat,
346 3369 381 3420 ab
393 3369 450 3421 aliis
463 3370 525 3424 inde
541 3375 664 3445 repetita.
679 3375 709 3424 ln
721 3372 859 3426 Ambrosia
870 3392 909 3438 ,an
927 3373 960 3426 de
977 3373 1064 3426 herba
1080 3372 1161 3442 hujus
1177 3377 1289 3426 nominis

240 3447 399 3514 cogitaverit
413 3461 509 3519 poeta,
524 3450 649 3520 equidem
666 3470 721 3502 non
733 3450 829 3504 dicum.
847 3453 904 3504 Etsi
915 3452 987 3502 enim
998 3453 1053 3502 vim
1068 3451 1115 3502 illa
1130 3451 1234 3505 babeat
1247 3453 1289 3506 ad·
1333 3509 1334 3516 ¹

241 3526 390 3596 stringendi
400 3526 542 3595 humores,
555 3532 640 3600 quiin
653 3532 771 3602 aliquam
779 3543 883 3602 partem
896 3530 1050 3584 decubuere
1061 3529 1232 3600 (Dioscorid.
1244 3537 1288 3594 111,

246 3604 380 3670 129.P11n.
391 3607 501 3675 XXVII,
514 3608 545 3675 4,
558 3629 578 3661 s.
594 3611 657 3682 rr),
668 3629 724 3661 ,non
735 3613 825 3663 ta'rneu
834 3610 913 3663 video
924 3627 983 3662 eam
994 3608 1158 3662 vulneribus
1172 3611 1288 3664 adhiberi

241 3680 356 3736 solitam.
365 3684 466 3740 Contra
477 3706 572 3742 succus
582 3692 738 3756 ambrosiae,
751 3710 805 3762 quo
816 3691 881 3744 deos
888 3709 946 3743 non
955 3689 1038 3742 modo
1047 3693 1135 3756 vesci,
1149 3692 1199 3744 sed
1211 3694 1287 3745 multo

243 3760 328 3832 magio
343 3762 435 3835 iuuugi
445 3779 471 3818 et
483 3767 566 3822 odore
577 3769 704 3822 delectari
720 3783 831 3823 nonant
842 3777 946 3842 poetae,
962 3787 1012 3822 uec
1030 3787 1047 3821 a
1058 3769 1222 3822 vulneribus
1234 3773 1291 3825 alie·

241 3858 293 3894 nus
302 3851 358 3906 0⁵1,
371 3859 453 3912 quum
461 3865 486 3898 v.
495 3867 519 3900 c.
528 3851 644 3902 Patrocli
655 3851 759 3903 vulneri
769 3852 813 3904 ille
823 3847 982 3903 inlundatur
990 3848 1026 3901 ad
1036 3851 1214 3920 putredinem
1224 3871 1291 3905 aver·

245 3919 362 3973 tendam.
374 3923 493 3978 Tandem
507 3946 670 3998 panaceam,
681 3933 816 3983 variarum
826 3931 970 3982 herbarum
986 3947 1018 3982 ac
1034 3930 1290 3985 medicamentorum

246 4017 344 4054 nornen
354 3999 426 4071 (rid
439 4003 506 4058 Plin.
514 4009 603 4074 XXV,
617 4009 647 4074 4,
660 4027 681 4062 s.
694 4010 758 4080 11),
771 4010 999 4082 cdopopauacem
1009 4010 1186 4082 potissimum
1198 4015 1289 4067 reterre
