2718 4594
238 315 301 394 3⁵4
486 310 520 372 r.
545 303 776 369 vrnemn
799 287 1042 371 Minonis

236 441 278 503 Et
290 455 399 501 roseas
411 433 528 498 laniata
541 451 655 519 genas,
669 446 741 493 tum
753 445 860 494 cetera
873 430 998 494 circum

236 542 363 622 Turba,
378 541 476 605 furit:
490 553 646 602 resonant
657 537 722 600 late
734 535 948 624 plangoribus
961 535 1058 602 aedes.
1090 577 1092 582 ·

236 652 322 716 Hinc
335 665 436 712 totam
449 645 563 709 infelix
574 644 724 732 volgatur
736 644 822 707 fama
835 665 895 731 per
907 642 1039 708 urbem:

234 757 420 821 Demittunt
432 752 565 830 mentis;
579 751 604 814 it
616 751 714 815 scissa
727 766 818 814 veste
831 749 982 829 Latinus,
1003 826 1011 834 ,

234 861 390 950 Conjugis
402 856 570 922 adtonitus
583 856 671 934 fatis,
687 853 844 944 urbisque
857 855 967 934 ruina3

234 968 395 1032 Canitiem
408 960 570 1027 inmundo
582 963 749 1050 perfusam
762 961 900 1049 pulvere
912 976 1050 1049 turpans
1062 983 1068 1022 :

232 1075 245 1101 ¹⁵
257 1074 428 1162 Multaque
442 1095 476 1137 se
489 1072 630 1148 incusat,
645 1070 702 1159 qui
715 1091 782 1134 non
795 1067 964 1157 adceperit
975 1067 1077 1133 ante*

232 1181 244 1208 *
258 1179 462 1245 Dardanium
475 1181 613 1256 AEnean,
627 1197 854 1265 generumque
866 1174 1042 1240 adsciverit
1053 1175 1153 1240 ultro.
1166 1176 1179 1204 *

155 1269 158 1276 ¹
276 1291 406 1353 Interea
419 1303 567 1351 extremo
578 1285 720 1349 bellator
732 1285 765 1347 in
778 1305 912 1374 aequore
924 1287 1064 1348 Turnus'
1106 1295 1107 1298 ’

232 1396 374 1462 Palantia
387 1394 536 1481 sequitur
548 1414 685 1480 paucos,
696 1391 764 1480 jam
777 1392 923 1478 segnior,
937 1407 1037 1480 atque

229 1505 303 1569 Jam
316 1501 424 1564 minus
437 1515 536 1588 atque
549 1498 658 1567 minus
671 1519 825 1561 successu
837 1497 932 1562 laetus
945 1517 1121 1586 equorum.

230 1607 357 1673 Adtulit
369 1604 460 1668 hunc
473 1605 519 1666 illi
532 1604 626 1667 caecis
639 1600 821 1666 terroribus
833 1625 912 1666 aura

230 1711 440 1777 Conmixtum
453 1709 646 1786 clamorem,
661 1705 877 1796 adrectasque
890 1707 1011 1795 inpulit
1022 1709 1111 1774 auris

228 1819 382 1883 Confusae
395 1837 496 1880 sonus
511 1813 601 1877 urhis
614 1830 647 1876 et
658 1811 835 1878 inlaetabile
847 1835 1008 1876 murmur.

227 1999 287 2054 deo,
300 2009 324 2042 et
336 2013 348 2042 e
360 1991 531 2040 recentioribus
543 1988 698 2054 Cuningham.
708 2015 739 2026 —-
748 1989 802 2036 606.
821 1987 919 2036 lacerata
937 2005 983 2037 sec.
1002 1990 1088 2037 Moret.
1099 2017 1131 2026 —
1140 1991 1196 2055 607.
1215 1993 1279 2039 late:

226 2067 291 2113 haud
303 2065 374 2112 dubie
387 2065 468 2110 vitiosa
478 2061 563 2116 lectio,
574 2078 644 2125 quam
658 2065 730 2108 miror
742 2061 862 2107 Heinsium
874 2076 1001 2108 revocasse.
1015 2063 1165 2108 Burmannus
1176 2063 1278 2110 observat

225 2142 273 2201 J'am
283 2135 381 2182 Cerdam
390 2146 413 2178 et
423 2135 448 2176 P.
459 2130 581 2176 Danielem
589 2131 694 2195 aliosque
701 2134 734 2178 sic
744 2131 858 2178 edidisse:
869 2133 918 2178 sine
926 2130 1034 2177 codicum
1042 2133 1126 2194 utique
1136 2137 1277 2188 auctoritate,

228 2222 251 2256 et
260 2209 330 2255 verba
341 2204 422 2252 saltem
435 2205 521 2270 Bonati
533 2214 594 2247 notae
604 2205 697 2268 praefixa
707 2216 818 2267 sequutos
826 2219 832 2248 ε
841 2202 892 2250 latae
903 2201 1040 2250 clamoribus
1049 2206 1184 2258 eademnam
1194 2205 1277 2250 Medic.

225 2294 286 2326 unus
294 2276 414 2330 laudatur,
428 2276 447 2318 is
457 2289 513 2320 vero
522 2275 660 2323 emendatus
672 2293 683 2324 a
694 2291 740 2322 sec.
751 2291 781 2320 m.
797 2273 853 2330 lute5
864 2273 956 2338 hocque
968 2286 1044 2336 poetae
1054 2290 1109 2320 usus
1119 2286 1143 2320 et
1154 2278 1188 2321 rei
1198 2288 1276 2321 natura

225 2348 341 2413 postulat:
354 2354 459 2391 resonent
473 2343 524 2390 late.
536 2347 595 2392 Tum
608 2346 749 2412 clunqorilrus
768 2345 885 2408 Oblong„
905 2347 960 2391 item
971 2346 1070 2392 Mentel.
1088 2362 1135 2392 sec.
1148 2359 1172 2393 et
1188 2347 1275 2409 llugen.

226 2435 279 2464 curn
288 2416 357 2463 Goth.
367 2428 420 2462 tert.
431 2414 567 2462 clamoribus
578 2417 664 2463 Medic.
675 2418 753 2463 Pierii.
762 2415 915 2462 -612.613.
924 2417 952 2461 lli
963 2415 1011 2462 duo
1023 2432 1103 2463 versus
1116 2416 1274 2462 desiderantur

225 2492 251 2534 in
263 2489 329 2532 Rom.
342 2485 429 2532 Medic.
443 2498 465 2531 et
475 2484 526 2533 aliis
535 2491 644 2543 vetustis,
656 2487 759 2534 translati
771 2485 818 2534 huc
831 2504 858 2534 ex
870 2487 911 2532 lib.
924 2489 967 2541 xl,
981 2487 1039 2549 471,
1049 2485 1108 2549 ἀγα,
1120 2489 1200 2532 omissi
1210 2490 1274 2534 etiarn
1331 2523 1332 2527 ,

225 2559 422 2624 aCuninghamo,
433 2559 564 2614 Brunckio,
577 2559 615 2606 ed.
630 2562 702 2606 Parus.
716 2557 818 2606 Multum
833 2575 857 2606 se
873 2558 962 2605 Zuliclr.
979 2562 1084 2606 incusans
1097 2558 1146 2604 duo
1162 2561 1238 2606 Burm.
1253 2571 1274 2604 et

225 2630 294 2678 Goth.
305 2643 358 2676 tert.
372 2630 434 2694 quod
448 2630 538 2676 Zulich.
550 2641 670 2694 acceperat
680 2631 739 2677 alter
750 2632 832 2678 llamb.
844 2632 894 2677 cde.
912 2629 972 2677 ultro
987 2631 1086 2676 Oudart.
1098 2647 1144 2693 pro
1156 2648 1203 2677 rar.
1223 2630 1272 2676 lect.

223 2728 255 2737 —
267 2701 320 2746 613.
331 2704 436 2746 acciverit
447 2702 490 2746 Ed.
505 2702 565 2748 Ven.
579 2703 719 2757 Burmann,
732 2705 788 2748 item
800 2699 889 2748 Zulicls.
902 2701 994 2763 llugen.
1008 2701 1075 2748 Leid.
1089 2703 1166 2762 Sprot.
1180 2726 1211 2736 -
1221 2699 1271 2760 617.

225 2771 266 2818 leuc
278 2789 314 2836 pr.
331 2773 413 2817 llamb.
424 2790 436 2817 a
448 2788 479 2817 m.
492 2787 538 2818 sec.
548 2776 613 2818 caect's
626 2771 660 2818 illi
670 2775 735 2818 Rom.
749 2791 761 2819 a
774 2790 804 2818 ιιι.
817 2789 852 2836 pr.
867 2771 1002 2820 clamoribus
1014 2770 1103 2817 Zulicls.
1121 2789 1135 2818 a
1149 2789 1180 2819 m.
1192 2787 1236 2818 sec.
1251 2781 1273 2816 et
1327 2803 1328 2824 ,

223 2843 293 2890 Goth.
304 2856 357 2890 tert.
371 2869 403 2880 -
413 2841 466 2888 618.
479 2859 523 2906 quc
535 2843 599 2889 abest
611 2845 716 2891 Parrhas.
729 2854 876 2910 emptasque
887 2845 929 2890 Ed.
942 2862 978 2908 pr.
991 2845 1117 2890 Burmann.

223 2995 328 3048 sibimet
353 2991 511 3045 conscivisse.
542 2993 650 3045 Nodum
682 2993 729 3048 leti
809 2995 870 3064 614.
890 2995 1082 3048 Bevocundum
1097 2997 1124 3047 in
1140 2997 1271 3062 animum,

224 3079 328 3149 egregie
340 3073 406 3127 dixit
416 3092 465 3144 pro
479 3073 551 3124 nodo
564 3075 687 3139 letifer03
700 3092 727 3130 et
773 3076 846 3148 quod
864 3078 983 3128 Turnum
999 3077 1114 3127 luturna
1134 3075 1168 3128 ad
1188 3089 1271 3128 extre·

223 3154 304 3206 letum
322 3154 436 3226 informe
453 3172 502 3225 pro
522 3157 615 3223 turpi,
632 3155 725 3224 foedo,
770 3173 827 3206 mos
840 3154 947 3207 ordines
963 3154 1129 3207 deduxerat:
1145 3174 1204 3226 sup.
1220 3157 1268 3222 483

222 3234 448 3286 ammiel-611.
463 3229 558 3283 Patlios
572 3231 657 3285 habet
669 3253 725 3286 ver·
769 3253 827 3306 sqq.
849 3265 882 3276 -
901 3234 962 3287 616.
988 3236 1071 3285 tristis
1093 3247 1119 3286 et
1143 3235 1269 3287 sollicitus

222 3329 266 3362 sus
277 3325 302 3362 et
310 3314 506 3362 miserationem
515 3311 594 3372 lacit3
610 3311 725 3362 immun·
768 3331 882 3368 successu
891 3331 1020 3387 equorum
1027 3353 1036 3378 ,
1050 3331 1117 3385 quos
1127 3315 1227 3365 viribus
1241 3333 1269 3366 ac

222 3391 255 3441 do
268 3391 424 3460 simpliciter
437 3404 529 3454 ornat,
542 3403 570 3440 ut
581 3391 627 3443 Ge.
639 3391 667 3454 I,
681 3393 722 3443 81.
770 3392 969 3444 cursudeficere
981 3393 1088 3444 tandem
1100 3393 1216 3445 videbat.
1226 3393 1269 3444 Er·

221 3465 328 3520 Scilicet
339 3463 396 3518 siro
412 3466 576 3520 eldenium
593 3469 723 3534 reddidit,
769 3490 803 3544 go
815 3489 940 3524 successus
950 3471 977 3521 h.
992 3471 1009 3521 l.
1024 3490 1078 3522 uon
1091 3485 1132 3522 est
1144 3472 1267 3541 fortuna,

223 3565 280 3619 quae
293 3563 347 3596 non
365 3545 444 3596 modo
462 3547 496 3600 dc
516 3549 605 3599 cinere
624 3549 678 3598 foci
696 3549 724 3600 in
770 3551 817 3604 sed
839 3569 996 3622 processus,
1018 3570 1165 3622 procursus
1187 3572 1267 3623 equo·

220 3627 375 3698 propinquo
393 3625 485 3678 stantis
503 3627 547 3696 (ut
558 3625 633 3677 lliatl.
649 3647 675 3685 o,
691 3627 723 3678 23
768 3648 844 3702 rum,
857 3632 931 3699 cujus
948 3629 1078 3682 velocitas
1095 3635 1194 3683 sensim
1211 3651 1267 3684 sen·

221 3707 253 3758 de
268 3703 445 3775 Achille)sed
457 3720 481 3758 et
500 3707 533 3759 de
550 3707 657 3776 pulvere
675 3723 722 3758 oc·
768 3711 870 3780 simque
906 3710 1124 3761 imminuebatur.
1161 3712 1267 3764 Videtur

220 3789 303 3841 currit
324 3787 418 3858 Otlyss.
442 3809 477 3847 e,
502 3787 563 3841 315.
593 3787 721 3839 Canitiem
766 3801 847 3860 poeta
863 3803 956 3839 vocem
973 3790 1176 3858 exquisitiorem
1189 3791 1267 3842 adsi·

220 3881 287 3921 terra
296 3878 375 3939 atque
388 3866 477 3934 infuso
485 3865 593 3934 pulvere
599 3868 718 3936 sedans:
765 3867 917 3939 gnificatum
930 3870 1017 3920 minus
1030 3869 1200 3940 frequentem
1217 3885 1267 3923 tra·

141 3965 145 3976 ·
217 3951 358 4022 praeiverat
362 3949 417 4015 jam
425 3945 545 3995 Catullus
555 3947 645 4012 LXlll,
656 3949 717 4016 aad,
765 3946 879 4000 duxisse.
891 3977 924 3988 -
938 3949 998 4018 617.
1019 3948 1094 4000 coecis
1113 3951 1265 4018 terroribus,

218 4029 339 4078 ucetiam
351 4021 633 4075 monitumacuellio.
764 4046 878 4098 querum
905 4047 1028 4082 caussam
1056 4031 1211 4103 ignorabat.
1234 4059 1264 4074 -
