<?xml version="1.0" encoding="UTF-8"?>
<!DOCTYPE html PUBLIC "-//W3C//DTD XHTML 1.0 Transitional//EN"
    "http://www.w3.org/TR/xhtml1/DTD/xhtml1-transitional.dtd">
<html xmlns="http://www.w3.org/1999/xhtml" xml:lang="en" lang="en">
 <head>
  <title>
</title>
<meta http-equiv="Content-Type" content="text/html;charset=utf-8" />
  <meta name='ocr-system' content='tesseract 3.04.00' />
  <meta name='ocr-capabilities' content='ocr_page ocr_carea ocr_par ocr_line ocrx_word'/>
</head>
<body>
  <div class='ocr_page' id='page_1' title='image "./pvirgiliusmaroq03barbgoog_0406.png"; bbox 0 0 2690 4596; ppageno 0'>
   <div class='ocr_carea' id='block_1_1' title="bbox 253 297 950 388">
    <p class='ocr_par' dir='ltr' id='par_1_1' title="bbox 253 297 950 388">
     <span class='ocr_line' id='line_1_1' title="bbox 253 297 950 388; baseline 0.001 -24"><span class='ocrx_word' id='word_1_1' title='bbox 253 299 316 388; x_wconf 72' lang='lat'>³94</span> <span class='ocrx_word' id='word_1_2' title='bbox 592 297 861 366; x_wconf 77' lang='lat' dir='ltr'>excursus</span> <span class='ocrx_word' id='word_1_3' title='bbox 884 301 950 365; x_wconf 88' lang='lat'>111</span> 
     </span>
    </p>
   </div>
   <div class='ocr_carea' id='block_1_2' title="bbox 242 421 1333 2902">
    <p class='ocr_par' dir='ltr' id='par_1_2' title="bbox 246 421 1298 1691">
     <span class='ocr_line' id='line_1_2' title="bbox 249 421 1294 498; baseline 0.009 -24"><span class='ocrx_word' id='word_1_4' title='bbox 249 435 307 476; x_wconf 84' lang='lat' dir='ltr'>rete</span> <span class='ocrx_word' id='word_1_5' title='bbox 323 421 358 476; x_wconf 84' lang='lat' dir='ltr'>ed</span> <span class='ocrx_word' id='word_1_6' title='bbox 374 439 504 476; x_wconf 75' lang='lat' dir='ltr'>annornm</span> <span class='ocrx_word' id='word_1_7' title='bbox 520 439 644 476; x_wconf 86' lang='lat' dir='ltr'>numeros</span> <span class='ocrx_word' id='word_1_8' title='bbox 662 421 784 496; x_wconf 64' lang='lat' dir='ltr'>digerere</span> <span class='ocrx_word' id='word_1_9' title='bbox 802 423 957 495; x_wconf 78' lang='lat' dir='ltr'>inceperunt</span> <span class='ocrx_word' id='word_1_10' title='bbox 972 441 1016 478; x_wconf 89' lang='lat' dir='ltr'>res</span> <span class='ocrx_word' id='word_1_11' title='bbox 1035 421 1142 497; x_wconf 75' lang='lat' dir='ltr'>priscos</span> <span class='ocrx_word' id='word_1_12' title='bbox 1158 441 1294 498; x_wconf 79' lang='lat' dir='ltr'>narrator,</span> 
     </span>
     <span class='ocr_line' id='line_1_3' title="bbox 248 503 1296 577; baseline 0.009 -23"><span class='ocrx_word' id='word_1_13' title='bbox 248 503 418 556; x_wconf 85' lang='lat' dir='ltr'>instituerunt</span> <span class='ocrx_word' id='word_1_14' title='bbox 430 515 585 576; x_wconf 87' lang='lat' dir='ltr'>computum</span> <span class='ocrx_word' id='word_1_15' title='bbox 597 503 632 556; x_wconf 78' lang='lat' dir='ltr'>ad</span> <span class='ocrx_word' id='word_1_16' title='bbox 643 506 774 556; x_wconf 80' lang='lat' dir='ltr'>rationem</span> <span class='ocrx_word' id='word_1_17' title='bbox 788 504 920 556; x_wconf 85' lang='lat' dir='ltr'>intervelli</span> <span class='ocrx_word' id='word_1_18' title='bbox 936 505 1006 558; x_wconf 90' lang='lat' dir='ltr'>iuter</span> <span class='ocrx_word' id='word_1_19' title='bbox 1021 505 1109 577; x_wconf 73' lang='lat' dir='ltr'>Trojm</span> <span class='ocrx_word' id='word_1_20' title='bbox 1121 509 1260 561; x_wconf 77' lang='lat' dir='ltr'>excidium</span> <span class='ocrx_word' id='word_1_21' title='bbox 1274 523 1296 564; x_wconf 92' lang='lat' dir='ltr'>et</span> 
     </span>
     <span class='ocr_line' id='line_1_4' title="bbox 247 581 1296 659; baseline 0.008 -27"><span class='ocrx_word' id='word_1_22' title='bbox 247 581 336 634; x_wconf 73' lang='lat' dir='ltr'>Rome</span> <span class='ocrx_word' id='word_1_23' title='bbox 350 581 473 634; x_wconf 84' lang='lat' dir='ltr'>exordia:</span> <span class='ocrx_word' id='word_1_24' title='bbox 488 581 575 654; x_wconf 89' lang='lat' dir='ltr'>quod,</span> <span class='ocrx_word' id='word_1_25' title='bbox 588 583 638 635; x_wconf 91' lang='lat' dir='ltr'>etsi</span> <span class='ocrx_word' id='word_1_26' title='bbox 655 583 689 634; x_wconf 86' lang='lat' dir='ltr'>ub</span> <span class='ocrx_word' id='word_1_27' title='bbox 705 581 816 634; x_wconf 82' lang='lat' dir='ltr'>diversis</span> <span class='ocrx_word' id='word_1_28' title='bbox 828 583 1017 654; x_wconf 69' lang='lat' dir='ltr'>scriptoribus,</span> <span class='ocrx_word' id='word_1_29' title='bbox 1029 603 1081 656; x_wconf 91' lang='lat' dir='ltr'>pro</span> <span class='ocrx_word' id='word_1_30' title='bbox 1093 587 1203 657; x_wconf 82' lang='lat' dir='ltr'>epocbn</span> <span class='ocrx_word' id='word_1_31' title='bbox 1214 591 1296 659; x_wconf 77' lang='lat' dir='ltr'>Trojae</span> 
     </span>
     <span class='ocr_line' id='line_1_5' title="bbox 247 659 1297 736; baseline 0.008 -26"><span class='ocrx_word' id='word_1_32' title='bbox 247 671 332 730; x_wconf 77' lang='lat' dir='ltr'>cepte</span> <span class='ocrx_word' id='word_1_33' title='bbox 341 662 412 712; x_wconf 77' lang='lat' dir='ltr'>varie</span> <span class='ocrx_word' id='word_1_34' title='bbox 425 661 582 726; x_wconf 82' lang='lat' dir='ltr'>constitute,</span> <span class='ocrx_word' id='word_1_35' title='bbox 595 659 773 714; x_wconf 81' lang='lat' dir='ltr'>diversimode</span> <span class='ocrx_word' id='word_1_36' title='bbox 784 663 958 712; x_wconf 82' lang='lat' dir='ltr'>constitutum</span> <span class='ocrx_word' id='word_1_37' title='bbox 969 673 1009 714; x_wconf 87' lang='lat' dir='ltr'>est</span> <span class='ocrx_word' id='word_1_38' title='bbox 1020 662 1078 732; x_wconf 78' lang='lat' dir='ltr'>(ite</span> <span class='ocrx_word' id='word_1_39' title='bbox 1086 677 1117 716; x_wconf 92' lang='lat' dir='ltr'>ut</span> <span class='ocrx_word' id='word_1_40' title='bbox 1124 683 1152 716; x_wconf 84' lang='lat' dir='ltr'>v.</span> <span class='ocrx_word' id='word_1_41' title='bbox 1162 684 1189 717; x_wconf 90' lang='lat' dir='ltr'>c.</span> <span class='ocrx_word' id='word_1_42' title='bbox 1199 669 1235 733; x_wconf 87' lang='lat' dir='ltr'>ii,</span> <span class='ocrx_word' id='word_1_43' title='bbox 1245 670 1297 736; x_wconf 85' lang='lat' dir='ltr'>qui,</span> 
     </span>
     <span class='ocr_line' id='line_1_6' title="bbox 247 739 1296 814; baseline 0.006 -22"><span class='ocrx_word' id='word_1_44' title='bbox 247 739 428 794; x_wconf 82' lang='lat' dir='ltr'>llerodoteutn</span> <span class='ocrx_word' id='word_1_45' title='bbox 440 741 571 794; x_wconf 75' lang='lat' dir='ltr'>calculum</span> <span class='ocrx_word' id='word_1_46' title='bbox 584 744 704 814; x_wconf 83' lang='lat' dir='ltr'>sequuti,</span> <span class='ocrx_word' id='word_1_47' title='bbox 713 741 799 812; x_wconf 76' lang='lat' dir='ltr'>Troju</span> <span class='ocrx_word' id='word_1_48' title='bbox 808 741 940 794; x_wconf 78' lang='lat' dir='ltr'>excidium</span> <span class='ocrx_word' id='word_1_49' title='bbox 949 747 1068 796; x_wconf 85' lang='lat' dir='ltr'>centenis</span> <span class='ocrx_word' id='word_1_50' title='bbox 1078 747 1157 798; x_wconf 82' lang='lat' dir='ltr'>enuit</span> <span class='ocrx_word' id='word_1_51' title='bbox 1168 749 1296 798; x_wconf 74' lang='lat' dir='ltr'>maturius</span> 
     </span>
     <span class='ocr_line' id='line_1_7' title="bbox 247 819 1297 898; baseline 0.008 -28"><span class='ocrx_word' id='word_1_52' title='bbox 247 821 365 872; x_wconf 81' lang='lat' dir='ltr'>evenisse</span> <span class='ocrx_word' id='word_1_53' title='bbox 375 821 484 886; x_wconf 79' lang='lat' dir='ltr'>volunt,</span> <span class='ocrx_word' id='word_1_54' title='bbox 494 822 661 875; x_wconf 74' lang='lat' dir='ltr'>intervallum</span> <span class='ocrx_word' id='word_1_55' title='bbox 673 823 742 873; x_wconf 89' lang='lat' dir='ltr'>iuter</span> <span class='ocrx_word' id='word_1_56' title='bbox 750 819 818 872; x_wconf 92' lang='lat' dir='ltr'>illud</span> <span class='ocrx_word' id='word_1_57' title='bbox 827 833 854 872; x_wconf 86' lang='lat' dir='ltr'>et</span> <span class='ocrx_word' id='word_1_58' title='bbox 863 821 953 874; x_wconf 73' lang='lat' dir='ltr'>Rom-e</span> <span class='ocrx_word' id='word_1_59' title='bbox 964 823 1074 876; x_wconf 81' lang='lat' dir='ltr'>exordis</span> <span class='ocrx_word' id='word_1_60' title='bbox 1084 825 1158 877; x_wconf 80' lang='lat' dir='ltr'>ultro</span> <span class='ocrx_word' id='word_1_61' title='bbox 1171 829 1297 898; x_wconf 72' lang='lat' dir='ltr'>quingen·</span> 
     </span>
     <span class='ocr_line' id='line_1_8' title="bbox 247 899 1296 975; baseline 0.007 -29"><span class='ocrx_word' id='word_1_62' title='bbox 247 907 289 948; x_wconf 84' lang='lat' dir='ltr'>tos</span> <span class='ocrx_word' id='word_1_63' title='bbox 301 917 386 952; x_wconf 77' lang='lat' dir='ltr'>annos</span> <span class='ocrx_word' id='word_1_64' title='bbox 397 899 549 974; x_wconf 84' lang='lat' dir='ltr'>producant</span> <span class='ocrx_word' id='word_1_65' title='bbox 557 901 583 973; x_wconf 90' lang='lat'>),</span> <span class='ocrx_word' id='word_1_66' title='bbox 595 900 630 954; x_wconf 83' lang='lat' dir='ltr'>sd</span> <span class='ocrx_word' id='word_1_67' title='bbox 642 900 728 953; x_wconf 83' lang='lat' dir='ltr'>CCCC</span> <span class='ocrx_word' id='word_1_68' title='bbox 739 913 828 952; x_wconf 83' lang='lat' dir='ltr'>temen</span> <span class='ocrx_word' id='word_1_69' title='bbox 847 918 931 954; x_wconf 80' lang='lat' dir='ltr'>nunus</span> <span class='ocrx_word' id='word_1_70' title='bbox 943 919 959 952; x_wconf 85' lang='lat' dir='ltr'>e</span> <span class='ocrx_word' id='word_1_71' title='bbox 970 902 1109 973; x_wconf 81' lang='lat' dir='ltr'>plerisque</span> <span class='ocrx_word' id='word_1_72' title='bbox 1127 903 1296 975; x_wconf 71' lang='lat' dir='ltr'>producitur.</span> 
     </span>
     <span class='ocr_line' id='line_1_9' title="bbox 246 979 1296 1055; baseline 0.008 -24"><span class='ocrx_word' id='word_1_73' title='bbox 246 979 398 1034; x_wconf 75' lang='lat' dir='ltr'>Secundum</span> <span class='ocrx_word' id='word_1_74' title='bbox 416 985 528 1035; x_wconf 87' lang='lat' dir='ltr'>tutiores</span> <span class='ocrx_word' id='word_1_75' title='bbox 548 981 656 1054; x_wconf 86' lang='lat' dir='ltr'>quidem</span> <span class='ocrx_word' id='word_1_76' title='bbox 676 981 794 1035; x_wconf 84' lang='lat' dir='ltr'>celculos</span> <span class='ocrx_word' id='word_1_77' title='bbox 812 981 864 1048; x_wconf 70' lang='grc'>430</span> <span class='ocrx_word' id='word_1_78' title='bbox 875 980 929 1050; x_wconf 85' lang='lat' dir='ltr'>(ed</span> <span class='ocrx_word' id='word_1_79' title='bbox 940 983 1032 1055; x_wconf 67' lang='lat' dir='ltr'>Yam,</span> <span class='ocrx_word' id='word_1_80' title='bbox 1045 995 1073 1036; x_wconf 87' lang='lat' dir='ltr'>et</span> <span class='ocrx_word' id='word_1_81' title='bbox 1084 984 1137 1052; x_wconf 72' lang='lat'>4³²</span> <span class='ocrx_word' id='word_1_82' title='bbox 1154 984 1192 1037; x_wconf 80' lang='lat' dir='ltr'>sd</span> <span class='ocrx_word' id='word_1_83' title='bbox 1204 987 1296 1039; x_wconf 76' lang='lat' dir='ltr'>Coton.</span> 
     </span>
     <span class='ocr_line' id='line_1_10' title="bbox 247 1061 1298 1134; baseline 0.008 -24"><span class='ocrx_word' id='word_1_84' title='bbox 247 1061 344 1134; x_wconf 80' lang='lat' dir='ltr'>teram)</span> <span class='ocrx_word' id='word_1_85' title='bbox 356 1063 432 1116; x_wconf 81' lang='lat' dir='ltr'>annis</span> <span class='ocrx_word' id='word_1_86' title='bbox 443 1062 513 1115; x_wconf 87' lang='lat' dir='ltr'>liniri</span> <span class='ocrx_word' id='word_1_87' title='bbox 524 1062 644 1116; x_wconf 77' lang='lat' dir='ltr'>videtur:</span> <span class='ocrx_word' id='word_1_88' title='bbox 658 1061 780 1114; x_wconf 87' lang='lat' dir='ltr'>deductis</span> <span class='ocrx_word' id='word_1_89' title='bbox 793 1061 855 1114; x_wconf 86' lang='lat' dir='ltr'>inde</span> <span class='ocrx_word' id='word_1_90' title='bbox 864 1063 941 1113; x_wconf 80' lang='lat' dir='ltr'>annis</span> <span class='ocrx_word' id='word_1_91' title='bbox 951 1079 1072 1115; x_wconf 88' lang='lat' dir='ltr'>errorum</span> <span class='ocrx_word' id='word_1_92' title='bbox 1081 1066 1173 1117; x_wconf 72' lang='lat' dir='ltr'>AEneae</span> <span class='ocrx_word' id='word_1_93' title='bbox 1182 1077 1210 1118; x_wconf 92' lang='lat' dir='ltr'>et</span> <span class='ocrx_word' id='word_1_94' title='bbox 1222 1067 1298 1118; x_wconf 76' lang='lat' dir='ltr'>inter</span> 
     </span>
     <span class='ocr_line' id='line_1_11' title="bbox 246 1138 1298 1212; baseline 0.008 -22"><span class='ocrx_word' id='word_1_95' title='bbox 246 1138 310 1191; x_wconf 81' lang='lat' dir='ltr'>velli</span> <span class='ocrx_word' id='word_1_96' title='bbox 327 1143 396 1196; x_wconf 88' lang='lat' dir='ltr'>inter</span> <span class='ocrx_word' id='word_1_97' title='bbox 407 1143 545 1196; x_wconf 84' lang='lat' dir='ltr'>Lavinium</span> <span class='ocrx_word' id='word_1_98' title='bbox 561 1157 588 1196; x_wconf 91' lang='lat' dir='ltr'>et</span> <span class='ocrx_word' id='word_1_99' title='bbox 601 1143 697 1196; x_wconf 80' lang='lat' dir='ltr'>Album</span> <span class='ocrx_word' id='word_1_100' title='bbox 709 1141 858 1207; x_wconf 78' lang='lat' dir='ltr'>conditam,</span> <span class='ocrx_word' id='word_1_101' title='bbox 871 1141 945 1212; x_wconf 90' lang='lat' dir='ltr'>quod</span> <span class='ocrx_word' id='word_1_102' title='bbox 956 1141 1031 1194; x_wconf 82' lang='lat' dir='ltr'>XXX</span> <span class='ocrx_word' id='word_1_103' title='bbox 1044 1161 1180 1196; x_wconf 78' lang='lat' dir='ltr'>annorum</span> <span class='ocrx_word' id='word_1_104' title='bbox 1192 1157 1248 1210; x_wconf 87' lang='lat' dir='ltr'>est,</span> <span class='ocrx_word' id='word_1_105' title='bbox 1261 1146 1298 1198; x_wconf 82' lang='lat' dir='ltr'>fu·</span> 
     </span>
     <span class='ocr_line' id='line_1_12' title="bbox 247 1218 1297 1295; baseline 0.006 -27"><span class='ocrx_word' id='word_1_106' title='bbox 247 1218 299 1272; x_wconf 90' lang='lat' dir='ltr'>cile</span> <span class='ocrx_word' id='word_1_107' title='bbox 310 1221 479 1294; x_wconf 72' lang='lat' dir='ltr'>intelligitur,</span> <span class='ocrx_word' id='word_1_108' title='bbox 496 1224 589 1276; x_wconf 80' lang='lat' dir='ltr'>saltem</span> <span class='ocrx_word' id='word_1_109' title='bbox 602 1222 636 1275; x_wconf 81' lang='lat' dir='ltr'>sd</span> <span class='ocrx_word' id='word_1_110' title='bbox 647 1221 698 1292; x_wconf 78' lang='lat'>397</span> <span class='ocrx_word' id='word_1_111' title='bbox 717 1221 759 1274; x_wconf 81' lang='lat' dir='ltr'>rel</span> <span class='ocrx_word' id='word_1_112' title='bbox 778 1219 933 1290; x_wconf 81' lang='lat' dir='ltr'>398&#39;aunos</span> <span class='ocrx_word' id='word_1_113' title='bbox 950 1220 1049 1274; x_wconf 78' lang='lat' dir='ltr'>Albani</span> <span class='ocrx_word' id='word_1_114' title='bbox 1067 1225 1144 1295; x_wconf 67' lang='lat' dir='ltr'>regni</span> <span class='ocrx_word' id='word_1_115' title='bbox 1162 1222 1297 1294; x_wconf 82' lang='lat' dir='ltr'>usquead</span> 
     </span>
     <span class='ocr_line' id='line_1_13' title="bbox 246 1298 1297 1374; baseline 0.004 -24"><span class='ocrx_word' id='word_1_116' title='bbox 246 1298 359 1354; x_wconf 80' lang='lat' dir='ltr'>Romam</span> <span class='ocrx_word' id='word_1_117' title='bbox 375 1303 511 1356; x_wconf 77' lang='lat' dir='ltr'>conditam</span> <span class='ocrx_word' id='word_1_118' title='bbox 523 1303 632 1356; x_wconf 84' lang='lat' dir='ltr'>ennnles</span> <span class='ocrx_word' id='word_1_119' title='bbox 649 1301 805 1374; x_wconf 76' lang='lat' dir='ltr'>procedere.</span> <span class='ocrx_word' id='word_1_120' title='bbox 819 1303 849 1354; x_wconf 87' lang='lat' dir='ltr'>ln</span> <span class='ocrx_word' id='word_1_121' title='bbox 860 1300 910 1352; x_wconf 87' lang='lat' dir='ltr'>bos</span> <span class='ocrx_word' id='word_1_122' title='bbox 921 1319 1015 1374; x_wconf 68' lang='lat' dir='ltr'>regum</span> <span class='ocrx_word' id='word_1_123' title='bbox 1032 1305 1144 1354; x_wconf 80' lang='lat' dir='ltr'>nomine</span> <span class='ocrx_word' id='word_1_124' title='bbox 1156 1317 1185 1356; x_wconf 90' lang='lat' dir='ltr'>et</span> <span class='ocrx_word' id='word_1_125' title='bbox 1196 1322 1297 1363; x_wconf 80' lang='lat' dir='ltr'>annos,</span> 
     </span>
     <span class='ocr_line' id='line_1_14' title="bbox 247 1381 1297 1456; baseline 0.003 -25"><span class='ocrx_word' id='word_1_126' title='bbox 247 1397 298 1450; x_wconf 90' lang='lat' dir='ltr'>pro</span> <span class='ocrx_word' id='word_1_127' title='bbox 311 1383 397 1434; x_wconf 88' lang='lat' dir='ltr'>lubitu</span> <span class='ocrx_word' id='word_1_128' title='bbox 406 1385 495 1456; x_wconf 88' lang='lat' dir='ltr'>potius</span> <span class='ocrx_word' id='word_1_129' title='bbox 510 1404 590 1456; x_wconf 84' lang='lat' dir='ltr'>quum</span> <span class='ocrx_word' id='word_1_130' title='bbox 602 1397 689 1449; x_wconf 82' lang='lat' dir='ltr'>certa,</span> <span class='ocrx_word' id='word_1_131' title='bbox 703 1394 784 1454; x_wconf 88' lang='lat' dir='ltr'>puto,</span> <span class='ocrx_word' id='word_1_132' title='bbox 796 1383 968 1446; x_wconf 71' lang='lat' dir='ltr'>auctoritate,</span> <span class='ocrx_word' id='word_1_133' title='bbox 979 1381 1174 1453; x_wconf 86' lang='lat' dir='ltr'>dispertierunt</span> <span class='ocrx_word' id='word_1_134' title='bbox 1185 1386 1297 1456; x_wconf 88' lang='lat' dir='ltr'>scripto·</span> 
     </span>
     <span class='ocr_line' id='line_1_15' title="bbox 247 1459 1297 1536; baseline 0.006 -27"><span class='ocrx_word' id='word_1_135' title='bbox 247 1478 308 1512; x_wconf 85' lang='lat' dir='ltr'>res:</span> <span class='ocrx_word' id='word_1_136' title='bbox 321 1474 351 1512; x_wconf 90' lang='lat' dir='ltr'>ut</span> <span class='ocrx_word' id='word_1_137' title='bbox 367 1461 440 1534; x_wconf 85' lang='lat' dir='ltr'>spud</span> <span class='ocrx_word' id='word_1_138' title='bbox 456 1464 612 1536; x_wconf 71' lang='lat' dir='ltr'>Dionysium</span> <span class='ocrx_word' id='word_1_139' title='bbox 629 1475 655 1516; x_wconf 93' lang='lat' dir='ltr'>et</span> <span class='ocrx_word' id='word_1_140' title='bbox 672 1462 817 1515; x_wconf 85' lang='lat' dir='ltr'>Eusebium</span> <span class='ocrx_word' id='word_1_141' title='bbox 835 1459 924 1514; x_wconf 82' lang='lat' dir='ltr'>videre</span> <span class='ocrx_word' id='word_1_142' title='bbox 943 1459 1014 1514; x_wconf 86' lang='lat' dir='ltr'>licet.</span> <span class='ocrx_word' id='word_1_143' title='bbox 1032 1461 1206 1529; x_wconf 81' lang='lat' dir='ltr'>Rotundum,</span> <span class='ocrx_word' id='word_1_144' title='bbox 1220 1483 1297 1534; x_wconf 90' lang='lat' dir='ltr'>quem</span> 
     </span>
     <span class='ocr_line' id='line_1_16' title="bbox 247 1535 1297 1614; baseline 0.003 -24"><span class='ocrx_word' id='word_1_145' title='bbox 247 1537 368 1604; x_wconf 84' lang='lat' dir='ltr'>dicimus,</span> <span class='ocrx_word' id='word_1_146' title='bbox 376 1560 515 1593; x_wconf 87' lang='lat' dir='ltr'>numerum</span> <span class='ocrx_word' id='word_1_147' title='bbox 522 1541 608 1594; x_wconf 87' lang='lat' dir='ltr'>CCCC</span> <span class='ocrx_word' id='word_1_148' title='bbox 616 1560 746 1594; x_wconf 80' lang='lat' dir='ltr'>annorum</span> <span class='ocrx_word' id='word_1_149' title='bbox 756 1539 849 1608; x_wconf 88' lang='lat' dir='ltr'>edunt,</span> <span class='ocrx_word' id='word_1_150' title='bbox 856 1535 917 1591; x_wconf 83' lang='lat' dir='ltr'>cum</span> <span class='ocrx_word' id='word_1_151' title='bbox 926 1537 982 1605; x_wconf 82' lang='lat' dir='ltr'>ulii,</span> <span class='ocrx_word' id='word_1_152' title='bbox 991 1552 1049 1591; x_wconf 89' lang='lat' dir='ltr'>tum</span> <span class='ocrx_word' id='word_1_153' title='bbox 1055 1539 1152 1592; x_wconf 81' lang='lat' dir='ltr'>Strabo</span> <span class='ocrx_word' id='word_1_154' title='bbox 1163 1543 1199 1607; x_wconf 87' lang='lat' dir='ltr'>V,</span> <span class='ocrx_word' id='word_1_155' title='bbox 1210 1561 1238 1614; x_wconf 91' lang='lat' dir='ltr'>p.</span> <span class='ocrx_word' id='word_1_156' title='bbox 1248 1542 1297 1599; x_wconf 82' lang='lat'>350</span> 
     </span>
     <span class='ocr_line' id='line_1_17' title="bbox 246 1615 1101 1691; baseline 0.001 -21"><span class='ocrx_word' id='word_1_157' title='bbox 246 1619 276 1672; x_wconf 91' lang='lat' dir='ltr'>C.</span> <span class='ocrx_word' id='word_1_158' title='bbox 283 1619 389 1689; x_wconf 66' lang='lat' dir='ltr'>‘rumpit</span> <span class='ocrx_word' id='word_1_159' title='bbox 401 1615 426 1672; x_wconf 65' lang='grc' dir='ltr'>δι’</span> <span class='ocrx_word' id='word_1_160' title='bbox 436 1623 588 1691; x_wconf 70' lang='lat' dir='ltr'>cmpressisse</span> <span class='ocrx_word' id='word_1_161' title='bbox 600 1624 672 1676; x_wconf 66' lang='lat' dir='ltr'>enee</span> <span class='ocrx_word' id='word_1_162' title='bbox 683 1619 807 1690; x_wconf 70' lang='lat' dir='ltr'>imprium</span> <span class='ocrx_word' id='word_1_163' title='bbox 817 1617 853 1673; x_wconf 77' lang='lat' dir='ltr'>cti</span> <span class='ocrx_word' id='word_1_164' title='bbox 862 1619 913 1690; x_wconf 73' lang='lat' dir='ltr'>erpi</span> <span class='ocrx_word' id='word_1_165' title='bbox 921 1617 1040 1686; x_wconf 71' lang='grc' dir='ltr'>Ἀμιιῖλιιι</span> <span class='ocrx_word' id='word_1_166' title='bbox 1049 1633 1101 1673; x_wconf 92' lang='lat' dir='ltr'>etc.</span> 
     </span>
    </p>

    <p class='ocr_par' dir='ltr' id='par_1_3' title="bbox 242 1699 1333 2902">
     <span class='ocr_line' id='line_1_18' title="bbox 281 1699 1297 1774; baseline 0.004 -23"><span class='ocrx_word' id='word_1_167' title='bbox 281 1699 341 1767; x_wconf 84' lang='lat' dir='ltr'>Qus</span> <span class='ocrx_word' id='word_1_168' title='bbox 353 1702 445 1773; x_wconf 83' lang='lat' dir='ltr'>itaque</span> <span class='ocrx_word' id='word_1_169' title='bbox 457 1705 615 1756; x_wconf 80' lang='lat' dir='ltr'>auctoritate</span> <span class='ocrx_word' id='word_1_170' title='bbox 630 1703 771 1774; x_wconf 72' lang='lat' dir='ltr'>Virgilium</span> <span class='ocrx_word' id='word_1_171' title='bbox 788 1701 934 1754; x_wconf 80' lang='lat' dir='ltr'>adductum</span> <span class='ocrx_word' id='word_1_172' title='bbox 950 1701 1071 1753; x_wconf 87' lang='lat' dir='ltr'>dicemus</span> <span class='ocrx_word' id='word_1_173' title='bbox 1084 1701 1138 1754; x_wconf 87' lang='lat' dir='ltr'>boc</span> <span class='ocrx_word' id='word_1_174' title='bbox 1156 1703 1211 1754; x_wconf 89' lang='lat' dir='ltr'>sibi</span> <span class='ocrx_word' id='word_1_175' title='bbox 1227 1721 1297 1755; x_wconf 88' lang='lat' dir='ltr'>sum·</span> 
     </span>
     <span class='ocr_line' id='line_1_19' title="bbox 246 1779 1297 1845; baseline 0.003 -15"><span class='ocrx_word' id='word_1_176' title='bbox 246 1779 326 1845; x_wconf 85' lang='lat' dir='ltr'>sisse,</span> <span class='ocrx_word' id='word_1_177' title='bbox 338 1791 368 1832; x_wconf 88' lang='lat' dir='ltr'>ut</span> <span class='ocrx_word' id='word_1_178' title='bbox 377 1799 509 1834; x_wconf 80' lang='lat' dir='ltr'>annorum</span> <span class='ocrx_word' id='word_1_179' title='bbox 517 1800 657 1836; x_wconf 89' lang='lat' dir='ltr'>numerum</span> <span class='ocrx_word' id='word_1_180' title='bbox 666 1784 799 1834; x_wconf 81' lang='lat' dir='ltr'>mutaret?</span> <span class='ocrx_word' id='word_1_181' title='bbox 809 1781 928 1833; x_wconf 80' lang='lat' dir='ltr'>Proclive</span> <span class='ocrx_word' id='word_1_182' title='bbox 938 1793 978 1833; x_wconf 87' lang='lat' dir='ltr'>est</span> <span class='ocrx_word' id='word_1_183' title='bbox 987 1779 1094 1844; x_wconf 83' lang='lat' dir='ltr'>dicere,</span> <span class='ocrx_word' id='word_1_184' title='bbox 1105 1799 1167 1832; x_wconf 86' lang='lat' dir='ltr'>eum</span> <span class='ocrx_word' id='word_1_185' title='bbox 1180 1781 1232 1833; x_wconf 89' lang='lat' dir='ltr'>sibi</span> <span class='ocrx_word' id='word_1_186' title='bbox 1241 1795 1297 1834; x_wconf 82' lang='lat' dir='ltr'>tun-</span> 
     </span>
     <span class='ocr_line' id='line_1_20' title="bbox 248 1859 1333 1934; baseline 0.002 -24"><span class='ocrx_word' id='word_1_187' title='bbox 248 1877 328 1930; x_wconf 85' lang='lat' dir='ltr'>quum</span> <span class='ocrx_word' id='word_1_188' title='bbox 340 1873 425 1931; x_wconf 87' lang='lat' dir='ltr'>poette</span> <span class='ocrx_word' id='word_1_189' title='bbox 436 1860 490 1914; x_wconf 89' lang='lat' dir='ltr'>boc</span> <span class='ocrx_word' id='word_1_190' title='bbox 502 1862 583 1916; x_wconf 86' lang='lat' dir='ltr'>licere</span> <span class='ocrx_word' id='word_1_191' title='bbox 595 1874 714 1934; x_wconf 80' lang='lat' dir='ltr'>putasse.</span> <span class='ocrx_word' id='word_1_192' title='bbox 727 1859 779 1914; x_wconf 82' lang='lat' dir='ltr'>Sed</span> <span class='ocrx_word' id='word_1_193' title='bbox 791 1860 897 1912; x_wconf 87' lang='lat' dir='ltr'>doctior</span> <span class='ocrx_word' id='word_1_194' title='bbox 912 1871 1047 1932; x_wconf 72' lang='lat' dir='ltr'>esopoete</span> <span class='ocrx_word' id='word_1_195' title='bbox 1063 1860 1207 1931; x_wconf 74' lang='lat' dir='ltr'>ngilius,</span> <span class='ocrx_word' id='word_1_196' title='bbox 1221 1879 1296 1932; x_wconf 57' lang='lat' dir='ltr'>vam</span> <span class='ocrx_word' id='word_1_197' title='bbox 1332 1859 1333 1866; x_wconf 42' lang='lat'>³</span> 
     </span>
     <span class='ocr_line' id='line_1_21' title="bbox 246 1938 1297 2014; baseline 0.001 -24"><span class='ocrx_word' id='word_1_198' title='bbox 246 1950 276 1990; x_wconf 91' lang='lat' dir='ltr'>ut</span> <span class='ocrx_word' id='word_1_199' title='bbox 287 1940 344 1992; x_wconf 89' lang='lat' dir='ltr'>sine</span> <span class='ocrx_word' id='word_1_200' title='bbox 357 1941 459 1994; x_wconf 85' lang='lat' dir='ltr'>ratione</span> <span class='ocrx_word' id='word_1_201' title='bbox 472 1944 616 2014; x_wconf 84' lang='lat' dir='ltr'>quicquum</span> <span class='ocrx_word' id='word_1_202' title='bbox 633 1940 760 1993; x_wconf 82' lang='lat' dir='ltr'>adversus</span> <span class='ocrx_word' id='word_1_203' title='bbox 779 1942 945 1992; x_wconf 79' lang='lat' dir='ltr'>notissimum</span> <span class='ocrx_word' id='word_1_204' title='bbox 960 1938 1135 1990; x_wconf 80' lang='lat' dir='ltr'>historiarum</span> <span class='ocrx_word' id='word_1_205' title='bbox 1151 1938 1232 1992; x_wconf 88' lang='lat' dir='ltr'>lidem</span> <span class='ocrx_word' id='word_1_206' title='bbox 1253 1959 1297 1991; x_wconf 88' lang='lat' dir='ltr'>no-</span> 
     </span>
     <span class='ocr_line' id='line_1_22' title="bbox 246 2017 1333 2090; baseline -0.001 -20"><span class='ocrx_word' id='word_1_207' title='bbox 246 2037 324 2072; x_wconf 78' lang='lat' dir='ltr'>vasse</span> <span class='ocrx_word' id='word_1_208' title='bbox 336 2033 382 2072; x_wconf 84' lang='lat' dir='ltr'>aut</span> <span class='ocrx_word' id='word_1_209' title='bbox 394 2021 428 2074; x_wconf 84' lang='lat' dir='ltr'>sb</span> <span class='ocrx_word' id='word_1_210' title='bbox 442 2023 514 2074; x_wconf 87' lang='lat' dir='ltr'>omui</span> <span class='ocrx_word' id='word_1_211' title='bbox 526 2024 629 2074; x_wconf 80' lang='lat' dir='ltr'>ratione</span> <span class='ocrx_word' id='word_1_212' title='bbox 641 2021 781 2073; x_wconf 80' lang='lat' dir='ltr'>recessisse</span> <span class='ocrx_word' id='word_1_213' title='bbox 793 2018 877 2070; x_wconf 86' lang='lat' dir='ltr'>videri</span> <span class='ocrx_word' id='word_1_214' title='bbox 889 2017 994 2070; x_wconf 79' lang='lat' dir='ltr'>debeat.</span> <span class='ocrx_word' id='word_1_215' title='bbox 1009 2018 1100 2068; x_wconf 89' lang='lat' dir='ltr'>Potuit</span> <span class='ocrx_word' id='word_1_216' title='bbox 1111 2018 1214 2070; x_wconf 87' lang='lat' dir='ltr'>scilicet</span> <span class='ocrx_word' id='word_1_217' title='bbox 1227 2017 1297 2070; x_wconf 80' lang='lat' dir='ltr'>aliud</span> <span class='ocrx_word' id='word_1_218' title='bbox 1332 2049 1333 2090; x_wconf 75' lang='lat' dir='ltr'>l</span> 
     </span>
     <span class='ocr_line' id='line_1_23' title="bbox 246 2095 1296 2169; baseline -0.001 -20"><span class='ocrx_word' id='word_1_219' title='bbox 246 2101 365 2169; x_wconf 91' lang='lat' dir='ltr'>computi</span> <span class='ocrx_word' id='word_1_220' title='bbox 381 2113 544 2152; x_wconf 87' lang='lat' dir='ltr'>momentum</span> <span class='ocrx_word' id='word_1_221' title='bbox 556 2102 732 2164; x_wconf 89' lang='lat' dir='ltr'>constituere,</span> <span class='ocrx_word' id='word_1_222' title='bbox 744 2112 774 2149; x_wconf 93' lang='lat' dir='ltr'>ut</span> <span class='ocrx_word' id='word_1_223' title='bbox 787 2099 858 2149; x_wconf 82' lang='lat' dir='ltr'>intre</span> <span class='ocrx_word' id='word_1_224' title='bbox 868 2095 976 2148; x_wconf 87' lang='lat' dir='ltr'>Romuli</span> <span class='ocrx_word' id='word_1_225' title='bbox 988 2107 1014 2148; x_wconf 90' lang='lat' dir='ltr'>et</span> <span class='ocrx_word' id='word_1_226' title='bbox 1025 2097 1102 2148; x_wconf 83' lang='lat' dir='ltr'>Remi</span> <span class='ocrx_word' id='word_1_227' title='bbox 1114 2097 1220 2149; x_wconf 74' lang='lat' dir='ltr'>natales</span> <span class='ocrx_word' id='word_1_228' title='bbox 1235 2098 1296 2148; x_wconf 86' lang='lat' dir='ltr'>sub-</span> 
     </span>
     <span class='ocr_line' id='line_1_24' title="bbox 246 2175 1333 2251; baseline -0.001 -21"><span class='ocrx_word' id='word_1_229' title='bbox 246 2180 365 2231; x_wconf 83' lang='lat' dir='ltr'>sisteret:</span> <span class='ocrx_word' id='word_1_230' title='bbox 379 2179 432 2230; x_wconf 83' lang='lat' dir='ltr'>Hic</span> <span class='ocrx_word' id='word_1_231' title='bbox 442 2182 518 2250; x_wconf 84' lang='lat' dir='ltr'>jam,</span> <span class='ocrx_word' id='word_1_232' title='bbox 533 2182 635 2251; x_wconf 88' lang='lat' dir='ltr'>inquit,</span> <span class='ocrx_word' id='word_1_233' title='bbox 656 2188 799 2230; x_wconf 81' lang='lat' dir='ltr'>tercentum</span> <span class='ocrx_word' id='word_1_234' title='bbox 818 2185 882 2228; x_wconf 84' lang='lat' dir='ltr'>totos</span> <span class='ocrx_word' id='word_1_235' title='bbox 897 2175 1051 2249; x_wconf 66' lang='lat' dir='ltr'>regnabitur</span> <span class='ocrx_word' id='word_1_236' title='bbox 1064 2194 1147 2228; x_wconf 70' lang='lat' dir='ltr'>annm</span> <span class='ocrx_word' id='word_1_237' title='bbox 1161 2177 1295 2229; x_wconf 62' lang='lat' dir='ltr'>&amp;aaut</span> <span class='ocrx_word' id='word_1_238' title='bbox 1332 2177 1333 2212; x_wconf 41' lang='grc' dir='ltr'><strong>Τ</strong></span> 
     </span>
     <span class='ocr_line' id='line_1_25' title="bbox 244 2249 1333 2332; baseline -0.005 -22"><span class='ocrx_word' id='word_1_239' title='bbox 244 2259 391 2310; x_wconf 84' lang='lat' dir='ltr'>Hectorea:</span> <span class='ocrx_word' id='word_1_240' title='bbox 402 2260 582 2332; x_wconf 74' lang='lat' dir='ltr'>donecreqinc</span> <span class='ocrx_word' id='word_1_241' title='bbox 594 2259 709 2313; x_wconf 80' lang='lat' dir='ltr'>sacerdos</span> <span class='ocrx_word' id='word_1_242' title='bbox 722 2259 810 2310; x_wconf 82' lang='lat' dir='ltr'>Marte</span> <span class='ocrx_word' id='word_1_243' title='bbox 819 2257 905 2331; x_wconf 68' lang='lat' dir='ltr'>prucis</span> <span class='ocrx_word' id='word_1_244' title='bbox 914 2256 1051 2329; x_wconf 66' lang='lat' dir='ltr'>pernitiam</span> <span class='ocrx_word' id='word_1_245' title='bbox 1061 2267 1141 2328; x_wconf 75' lang='lat' dir='ltr'>partu</span> <span class='ocrx_word' id='word_1_246' title='bbox 1157 2257 1234 2310; x_wconf 81' lang='lat' dir='ltr'>dabit</span> <span class='ocrx_word' id='word_1_247' title='bbox 1246 2255 1295 2308; x_wconf 82' lang='lat' dir='ltr'>Ilia</span> <span class='ocrx_word' id='word_1_248' title='bbox 1332 2249 1333 2269; x_wconf 72' lang='lat'><em>³</em></span> 
     </span>
     <span class='ocr_line' id='line_1_26' title="bbox 242 2335 1294 2408; baseline 0.002 -23"><span class='ocrx_word' id='word_1_249' title='bbox 242 2335 363 2408; x_wconf 78' lang='lat' dir='ltr'>prolem.-</span> <span class='ocrx_word' id='word_1_250' title='bbox 382 2338 449 2389; x_wconf 77' lang='lat' dir='ltr'>inde</span> <span class='ocrx_word' id='word_1_251' title='bbox 466 2351 515 2390; x_wconf 86' lang='lat' dir='ltr'>etc.</span> <span class='ocrx_word' id='word_1_252' title='bbox 536 2339 680 2390; x_wconf 85' lang='lat' dir='ltr'>Subductis</span> <span class='ocrx_word' id='word_1_253' title='bbox 699 2337 749 2390; x_wconf 83' lang='lat' dir='ltr'>XX</span> <span class='ocrx_word' id='word_1_254' title='bbox 763 2337 806 2389; x_wconf 79' lang='lat' dir='ltr'>vel</span> <span class='ocrx_word' id='word_1_255' title='bbox 826 2337 901 2388; x_wconf 83' lang='lat' dir='ltr'>XXX</span> <span class='ocrx_word' id='word_1_256' title='bbox 914 2336 1004 2400; x_wconf 79' lang='lat' dir='ltr'>annis,</span> <span class='ocrx_word' id='word_1_257' title='bbox 1017 2336 1115 2407; x_wconf 83' lang='lat' dir='ltr'>quibus</span> <span class='ocrx_word' id='word_1_258' title='bbox 1128 2335 1294 2389; x_wconf 75' lang='lat' dir='ltr'>adoleverunt</span> 
     </span>
     <span class='ocr_line' id='line_1_27' title="bbox 244 2414 1293 2488; baseline 0.002 -24"><span class='ocrx_word' id='word_1_259' title='bbox 244 2415 372 2466; x_wconf 82' lang='lat' dir='ltr'>Romulus</span> <span class='ocrx_word' id='word_1_260' title='bbox 382 2427 408 2468; x_wconf 91' lang='lat' dir='ltr'>et</span> <span class='ocrx_word' id='word_1_261' title='bbox 417 2417 528 2480; x_wconf 86' lang='lat' dir='ltr'>Remus,</span> <span class='ocrx_word' id='word_1_262' title='bbox 544 2429 686 2488; x_wconf 81' lang='lat' dir='ltr'>antequem</span> <span class='ocrx_word' id='word_1_263' title='bbox 696 2419 808 2469; x_wconf 77' lang='lat' dir='ltr'>Romam</span> <span class='ocrx_word' id='word_1_264' title='bbox 821 2414 982 2479; x_wconf 88' lang='lat' dir='ltr'>conderent,</span> <span class='ocrx_word' id='word_1_265' title='bbox 993 2415 1129 2484; x_wconf 83' lang='lat' dir='ltr'>reliquum</span> <span class='ocrx_word' id='word_1_266' title='bbox 1138 2433 1293 2478; x_wconf 84' lang='lat' dir='ltr'>numerum,</span> 
     </span>
     <span class='ocr_line' id='line_1_28' title="bbox 244 2493 1332 2569; baseline 0.002 -25"><span class='ocrx_word' id='word_1_267' title='bbox 244 2506 275 2544; x_wconf 87' lang='grc' dir='ltr'>ιιι</span> <span class='ocrx_word' id='word_1_268' title='bbox 292 2507 386 2565; x_wconf 80' lang='lat' dir='ltr'>poeta,</span> <span class='ocrx_word' id='word_1_269' title='bbox 399 2513 486 2548; x_wconf 85' lang='lat' dir='ltr'>cresse</span> <span class='ocrx_word' id='word_1_270' title='bbox 503 2495 635 2549; x_wconf 79' lang='lat' dir='ltr'>indicasse</span> <span class='ocrx_word' id='word_1_271' title='bbox 649 2496 734 2548; x_wconf 84' lang='lat' dir='ltr'>videri</span> <span class='ocrx_word' id='word_1_272' title='bbox 752 2506 851 2569; x_wconf 87' lang='lat' dir='ltr'>potest.</span> <span class='ocrx_word' id='word_1_273' title='bbox 871 2493 985 2547; x_wconf 84' lang='lat' dir='ltr'>Videtur</span> <span class='ocrx_word' id='word_1_274' title='bbox 1002 2496 1084 2546; x_wconf 85' lang='lat' dir='ltr'>etium</span> <span class='ocrx_word' id='word_1_275' title='bbox 1100 2508 1230 2566; x_wconf 83' lang='lat' dir='ltr'>sequutus</span> <span class='ocrx_word' id='word_1_276' title='bbox 1242 2513 1293 2548; x_wconf 88' lang='lat' dir='ltr'>esse</span> <span class='ocrx_word' id='word_1_277' title='bbox 1331 2557 1332 2564; x_wconf 10' lang='grc' dir='ltr'>ἵ</span> 
     </span>
     <span class='ocr_line' id='line_1_29' title="bbox 245 2567 1332 2648; baseline 0.002 -24"><span class='ocrx_word' id='word_1_278' title='bbox 245 2591 373 2626; x_wconf 82' lang='lat' dir='ltr'>arcanum</span> <span class='ocrx_word' id='word_1_279' title='bbox 385 2574 448 2646; x_wconf 89' lang='lat' dir='ltr'>quid</span> <span class='ocrx_word' id='word_1_280' title='bbox 461 2587 487 2628; x_wconf 88' lang='lat' dir='ltr'>et</span> <span class='ocrx_word' id='word_1_281' title='bbox 498 2577 564 2628; x_wconf 87' lang='lat' dir='ltr'>Jove</span> <span class='ocrx_word' id='word_1_282' title='bbox 576 2577 739 2628; x_wconf 79' lang='lat' dir='ltr'>vaticinante</span> <span class='ocrx_word' id='word_1_283' title='bbox 752 2569 876 2648; x_wconf 59' lang='lat' dir='ltr'>dignum</span> <span class='ocrx_word' id='word_1_284' title='bbox 896 2586 927 2625; x_wconf 88' lang='lat' dir='ltr'>ut</span> <span class='ocrx_word' id='word_1_285' title='bbox 945 2591 1023 2626; x_wconf 80' lang='lat' dir='ltr'>sacro</span> <span class='ocrx_word' id='word_1_286' title='bbox 1040 2591 1154 2626; x_wconf 89' lang='lat' dir='ltr'>numero</span> <span class='ocrx_word' id='word_1_287' title='bbox 1168 2574 1295 2644; x_wconf 84' lang='lat' dir='ltr'>procede·</span> <span class='ocrx_word' id='word_1_288' title='bbox 1331 2567 1332 2635; x_wconf 77' lang='lat' dir='ltr'>l</span> 
     </span>
     <span class='ocr_line' id='line_1_30' title="bbox 244 2651 1292 2726; baseline 0.001 -22"><span class='ocrx_word' id='word_1_289' title='bbox 244 2666 303 2706; x_wconf 88' lang='lat' dir='ltr'>rent</span> <span class='ocrx_word' id='word_1_290' title='bbox 316 2657 420 2708; x_wconf 81' lang='lat' dir='ltr'>omnia:</span> <span class='ocrx_word' id='word_1_291' title='bbox 434 2657 459 2709; x_wconf 82' lang='lat'>3.</span> <span class='ocrx_word' id='word_1_292' title='bbox 471 2656 513 2708; x_wconf 85' lang='lat'>30.</span> <span class='ocrx_word' id='word_1_293' title='bbox 527 2656 593 2720; x_wconf 79' lang='lat'>3003</span> <span class='ocrx_word' id='word_1_294' title='bbox 606 2675 668 2709; x_wconf 83' lang='lat' dir='ltr'>uem</span> <span class='ocrx_word' id='word_1_295' title='bbox 679 2657 760 2718; x_wconf 71' lang='lat' dir='ltr'>tertie</span> <span class='ocrx_word' id='word_1_296' title='bbox 772 2673 842 2708; x_wconf 84' lang='lat' dir='ltr'>anno</span> <span class='ocrx_word' id='word_1_297' title='bbox 854 2651 949 2706; x_wconf 75' lang='lat' dir='ltr'>Encas</span> <span class='ocrx_word' id='word_1_298' title='bbox 968 2651 1038 2706; x_wconf 85' lang='lat' dir='ltr'>iriter</span> <span class='ocrx_word' id='word_1_299' title='bbox 1052 2653 1149 2706; x_wconf 87' lang='lat' dir='ltr'>heroes</span> <span class='ocrx_word' id='word_1_300' title='bbox 1167 2653 1292 2726; x_wconf 74' lang='lat' dir='ltr'>indigetes</span> 
     </span>
     <span class='ocr_line' id='line_1_31' title="bbox 243 2737 1331 2809; baseline -0.001 -22"><span class='ocrx_word' id='word_1_301' title='bbox 243 2748 381 2806; x_wconf 88' lang='lat' dir='ltr'>receptus,</span> <span class='ocrx_word' id='word_1_302' title='bbox 392 2739 526 2809; x_wconf 72' lang='lat' dir='ltr'>trigesimo</span> <span class='ocrx_word' id='word_1_303' title='bbox 539 2737 648 2790; x_wconf 84' lang='lat' dir='ltr'>condite</span> <span class='ocrx_word' id='word_1_304' title='bbox 659 2737 742 2802; x_wconf 81' lang='lat' dir='ltr'>Albe,</span> <span class='ocrx_word' id='word_1_305' title='bbox 758 2737 796 2788; x_wconf 89' lang='lat' dir='ltr'>ibi</span> <span class='ocrx_word' id='word_1_306' title='bbox 814 2755 863 2808; x_wconf 91' lang='lat' dir='ltr'>per</span> <span class='ocrx_word' id='word_1_307' title='bbox 881 2748 1015 2788; x_wconf 88' lang='lat' dir='ltr'>trecentos</span> <span class='ocrx_word' id='word_1_308' title='bbox 1032 2752 1119 2786; x_wconf 82' lang='lat' dir='ltr'>annos</span> <span class='ocrx_word' id='word_1_309' title='bbox 1136 2747 1289 2807; x_wconf 74' lang='lat' dir='ltr'>regnotum:</span> <span class='ocrx_word' id='word_1_310' title='bbox 1330 2793 1331 2804; x_wconf 13' lang='grc' dir='ltr'>γ</span> 
     </span>
     <span class='ocr_line' id='line_1_32' title="bbox 245 2811 1331 2902; baseline -0.002 -35"><span class='ocrx_word' id='word_1_311' title='bbox 245 2833 304 2887; x_wconf 82' lang='lat' dir='ltr'>quae</span> <span class='ocrx_word' id='word_1_312' title='bbox 317 2815 423 2887; x_wconf 89' lang='lat' dir='ltr'>Spencii</span> <span class='ocrx_word' id='word_1_313' title='bbox 432 2837 487 2871; x_wconf 90' lang='lat' dir='ltr'>non</span> <span class='ocrx_word' id='word_1_314' title='bbox 496 2819 633 2891; x_wconf 74' lang='lat' dir='ltr'>inelegans</span> <span class='ocrx_word' id='word_1_315' title='bbox 646 2829 685 2870; x_wconf 87' lang='lat' dir='ltr'>est</span> <span class='ocrx_word' id='word_1_316' title='bbox 698 2818 850 2870; x_wconf 74' lang='lat' dir='ltr'>observatio</span> <span class='ocrx_word' id='word_1_317' title='bbox 863 2819 890 2868; x_wconf 91' lang='lat' dir='ltr'>in</span> <span class='ocrx_word' id='word_1_318' title='bbox 902 2814 1100 2868; x_wconf 84' lang='lat' dir='ltr'>Roldesttortbi</span> <span class='ocrx_word' id='word_1_319' title='bbox 1113 2815 1185 2866; x_wconf 90' lang='lat' dir='ltr'>obss.</span> <span class='ocrx_word' id='word_1_320' title='bbox 1198 2833 1225 2886; x_wconf 87' lang='lat' dir='ltr'>p.</span> <span class='ocrx_word' id='word_1_321' title='bbox 1238 2813 1291 2866; x_wconf 77' lang='lat'>215.</span> <span class='ocrx_word' id='word_1_322' title='bbox 1330 2811 1331 2902; x_wconf 55' lang='lat' dir='ltr'>l</span> 
     </span>
    </p>
   </div>
   <div class='ocr_carea' id='block_1_3' title="bbox 187 2894 1331 3361">
    <p class='ocr_par' dir='ltr' id='par_1_4' title="bbox 243 2894 1293 2968">
     <span class='ocr_line' id='line_1_33' title="bbox 243 2894 1293 2968; baseline -0.001 -22"><span class='ocrx_word' id='word_1_323' title='bbox 243 2895 296 2947; x_wconf 80' lang='lat' dir='ltr'>Sed</span> <span class='ocrx_word' id='word_1_324' title='bbox 308 2897 531 2968; x_wconf 88' lang='lat' dir='ltr'>simplicissimum</span> <span class='ocrx_word' id='word_1_325' title='bbox 544 2910 583 2950; x_wconf 88' lang='lat' dir='ltr'>est</span> <span class='ocrx_word' id='word_1_326' title='bbox 595 2895 698 2962; x_wconf 89' lang='lat' dir='ltr'>dicere,</span> <span class='ocrx_word' id='word_1_327' title='bbox 710 2898 793 2948; x_wconf 85' lang='lat' dir='ltr'>fuisse</span> <span class='ocrx_word' id='word_1_328' title='bbox 810 2895 874 2946; x_wconf 92' lang='lat' dir='ltr'>olim</span> <span class='ocrx_word' id='word_1_329' title='bbox 891 2907 1024 2960; x_wconf 83' lang='lat' dir='ltr'>suctores,</span> <span class='ocrx_word' id='word_1_330' title='bbox 1044 2897 1128 2964; x_wconf 89' lang='lat' dir='ltr'>inque</span> <span class='ocrx_word' id='word_1_331' title='bbox 1147 2911 1194 2946; x_wconf 89' lang='lat' dir='ltr'>eos</span> <span class='ocrx_word' id='word_1_332' title='bbox 1213 2894 1293 2964; x_wconf 74' lang='lat' dir='ltr'>Virgi-</span> 
     </span>
    </p>

    <p class='ocr_par' dir='ltr' id='par_1_5' title="bbox 187 2943 1331 3206">
     <span class='ocr_line' id='line_1_34' title="bbox 187 2943 1331 3048; baseline -0.004 -21"><span class='ocrx_word' id='word_1_333' title='bbox 187 3029 190 3048; x_wconf 56' lang='lat'>,</span> <span class='ocrx_word' id='word_1_334' title='bbox 243 2975 309 3027; x_wconf 93' lang='lat' dir='ltr'>lium</span> <span class='ocrx_word' id='word_1_335' title='bbox 321 2977 461 3044; x_wconf 87' lang='lat' dir='ltr'>incidisse,</span> <span class='ocrx_word' id='word_1_336' title='bbox 474 2979 520 3048; x_wconf 90' lang='lat' dir='ltr'>qui</span> <span class='ocrx_word' id='word_1_337' title='bbox 531 2976 700 3029; x_wconf 85' lang='lat' dir='ltr'>intervallum</span> <span class='ocrx_word' id='word_1_338' title='bbox 717 2973 783 3027; x_wconf 90' lang='lat' dir='ltr'>illud</span> <span class='ocrx_word' id='word_1_339' title='bbox 799 2987 951 3046; x_wconf 87' lang='lat' dir='ltr'>temporum</span> <span class='ocrx_word' id='word_1_340' title='bbox 964 2991 1049 3046; x_wconf 89' lang='lat' dir='ltr'>usque</span> <span class='ocrx_word' id='word_1_341' title='bbox 1065 2973 1101 3026; x_wconf 83' lang='lat' dir='ltr'>ud</span> <span class='ocrx_word' id='word_1_342' title='bbox 1111 2975 1222 3026; x_wconf 79' lang='lat' dir='ltr'>Romam</span> <span class='ocrx_word' id='word_1_343' title='bbox 1235 2991 1293 3025; x_wconf 91' lang='lat' dir='ltr'>con·</span> <span class='ocrx_word' id='word_1_344' title='bbox 1330 2943 1331 3001; x_wconf 66' lang='lat' dir='ltr'>i</span> 
     </span>
     <span class='ocr_line' id='line_1_35' title="bbox 246 3050 1293 3124; baseline -0.004 -19"><span class='ocrx_word' id='word_1_345' title='bbox 246 3053 330 3106; x_wconf 84' lang='lat' dir='ltr'>ditum</span> <span class='ocrx_word' id='word_1_346' title='bbox 340 3055 482 3107; x_wconf 80' lang='lat' dir='ltr'>artioribus</span> <span class='ocrx_word' id='word_1_347' title='bbox 491 3055 589 3108; x_wconf 87' lang='lat' dir='ltr'>linibus</span> <span class='ocrx_word' id='word_1_348' title='bbox 598 3054 766 3107; x_wconf 84' lang='lat' dir='ltr'>includerent</span> <span class='ocrx_word' id='word_1_349' title='bbox 776 3075 782 3104; x_wconf 83' lang='grc' dir='ltr'>ι</span> <span class='ocrx_word' id='word_1_350' title='bbox 796 3050 869 3124; x_wconf 90' lang='lat' dir='ltr'>quod</span> <span class='ocrx_word' id='word_1_351' title='bbox 878 3055 906 3104; x_wconf 89' lang='lat' dir='ltr'>in</span> <span class='ocrx_word' id='word_1_352' title='bbox 916 3064 991 3104; x_wconf 82' lang='lat' dir='ltr'>tenta</span> <span class='ocrx_word' id='word_1_353' title='bbox 999 3066 1153 3124; x_wconf 88' lang='lat' dir='ltr'>temporum</span> <span class='ocrx_word' id='word_1_354' title='bbox 1163 3053 1293 3123; x_wconf 77' lang='lat' dir='ltr'>antiquio-</span> 
     </span>
     <span class='ocr_line' id='line_1_36' title="bbox 245 3131 1330 3206; baseline -0.003 -22"><span class='ocrx_word' id='word_1_355' title='bbox 245 3151 305 3184; x_wconf 88' lang='lat' dir='ltr'>rum</span> <span class='ocrx_word' id='word_1_356' title='bbox 318 3133 441 3206; x_wconf 31' lang='lat' dir='ltr'>,caligine</span> <span class='ocrx_word' id='word_1_357' title='bbox 462 3147 488 3185; x_wconf 89' lang='lat' dir='ltr'>et</span> <span class='ocrx_word' id='word_1_358' title='bbox 508 3134 665 3186; x_wconf 79' lang='lat' dir='ltr'>difficultate</span> <span class='ocrx_word' id='word_1_359' title='bbox 686 3135 787 3185; x_wconf 82' lang='lat' dir='ltr'>fectum</span> <span class='ocrx_word' id='word_1_360' title='bbox 802 3132 867 3185; x_wconf 84' lang='lat' dir='ltr'>odeo</span> <span class='ocrx_word' id='word_1_361' title='bbox 882 3132 1062 3204; x_wconf 83' lang='lat' dir='ltr'>improbabile</span> <span class='ocrx_word' id='word_1_362' title='bbox 1076 3151 1133 3184; x_wconf 92' lang='lat' dir='ltr'>non</span> <span class='ocrx_word' id='word_1_363' title='bbox 1151 3131 1194 3197; x_wconf 87' lang='lat' dir='ltr'>iit,</span> <span class='ocrx_word' id='word_1_364' title='bbox 1217 3150 1292 3204; x_wconf 85' lang='lat' dir='ltr'>quum</span> <span class='ocrx_word' id='word_1_365' title='bbox 1329 3155 1330 3160; x_wconf 59' lang='lat'>=</span> 
     </span>
    </p>

    <p class='ocr_par' dir='ltr' id='par_1_6' title="bbox 205 3210 1293 3361">
     <span class='ocr_line' id='line_1_37' title="bbox 205 3210 1293 3284; baseline 0 -22"><span class='ocrx_word' id='word_1_366' title='bbox 205 3241 209 3250; x_wconf 94' lang='lat'>·</span> <span class='ocrx_word' id='word_1_367' title='bbox 246 3213 327 3262; x_wconf 81' lang='lat' dir='ltr'>etiam</span> <span class='ocrx_word' id='word_1_368' title='bbox 339 3213 456 3284; x_wconf 76' lang='lat' dir='ltr'>Trogum</span> <span class='ocrx_word' id='word_1_369' title='bbox 471 3213 583 3265; x_wconf 85' lang='lat' dir='ltr'>similem</span> <span class='ocrx_word' id='word_1_370' title='bbox 596 3214 781 3266; x_wconf 82' lang='lat' dir='ltr'>eucton&#39;tstem</span> <span class='ocrx_word' id='word_1_371' title='bbox 794 3223 936 3283; x_wconf 88' lang='lat' dir='ltr'>sequutum</span> <span class='ocrx_word' id='word_1_372' title='bbox 954 3227 1012 3264; x_wconf 84' lang='lat' dir='ltr'>esse</span> <span class='ocrx_word' id='word_1_373' title='bbox 1028 3229 1062 3264; x_wconf 90' lang='lat' dir='ltr'>ex</span> <span class='ocrx_word' id='word_1_374' title='bbox 1079 3211 1186 3264; x_wconf 83' lang='lat' dir='ltr'>Justino</span> <span class='ocrx_word' id='word_1_375' title='bbox 1203 3210 1293 3263; x_wconf 85' lang='lat' dir='ltr'>intelli·</span> 
     </span>
     <span class='ocr_line' id='line_1_38' title="bbox 245 3303 332 3361; baseline -0.011 -19"><span class='ocrx_word' id='word_1_376' title='bbox 245 3303 332 3361; x_wconf 77' lang='lat' dir='ltr'>gutur.</span> 
     </span>
    </p>
   </div>
   <div class='ocr_carea' id='block_1_4' title="bbox 186 3367 1292 4083">
    <p class='ocr_par' dir='ltr' id='par_1_7' title="bbox 245 3367 1291 3684">
     <span class='ocr_line' id='line_1_39' title="bbox 280 3367 1291 3444; baseline 0.001 -23"><span class='ocrx_word' id='word_1_377' title='bbox 280 3369 403 3423; x_wconf 85' lang='lat' dir='ltr'>Ceterum</span> <span class='ocrx_word' id='word_1_378' title='bbox 419 3373 447 3423; x_wconf 93' lang='lat' dir='ltr'>in</span> <span class='ocrx_word' id='word_1_379' title='bbox 464 3371 521 3437; x_wconf 86' lang='lat' dir='ltr'>bie,</span> <span class='ocrx_word' id='word_1_380' title='bbox 534 3389 592 3443; x_wconf 81' lang='lat' dir='ltr'>quae</span> <span class='ocrx_word' id='word_1_381' title='bbox 605 3393 621 3425; x_wconf 86' lang='lat' dir='ltr'>n</span> <span class='ocrx_word' id='word_1_382' title='bbox 632 3373 709 3425; x_wconf 89' lang='lat' dir='ltr'>nobis</span> <span class='ocrx_word' id='word_1_383' title='bbox 726 3372 845 3444; x_wconf 80' lang='lat' dir='ltr'>exposite</span> <span class='ocrx_word' id='word_1_384' title='bbox 854 3367 938 3438; x_wconf 81' lang='lat' dir='ltr'>sunt,</span> <span class='ocrx_word' id='word_1_385' title='bbox 951 3389 1034 3444; x_wconf 84' lang='lat' dir='ltr'>quum</span> <span class='ocrx_word' id='word_1_386' title='bbox 1053 3385 1291 3425; x_wconf 86' lang='lat' dir='ltr'>commemorentur</span> 
     </span>
     <span class='ocr_line' id='line_1_40' title="bbox 245 3447 1291 3522; baseline 0.005 -25"><span class='ocrx_word' id='word_1_387' title='bbox 245 3448 388 3514; x_wconf 81' lang='lat' dir='ltr'>nonnulla,</span> <span class='ocrx_word' id='word_1_388' title='bbox 401 3467 459 3520; x_wconf 84' lang='lat' dir='ltr'>qute</span> <span class='ocrx_word' id='word_1_389' title='bbox 470 3453 600 3522; x_wconf 84' lang='lat' dir='ltr'>inprimis</span> <span class='ocrx_word' id='word_1_390' title='bbox 611 3453 699 3503; x_wconf 83' lang='lat' dir='ltr'>stetim</span> <span class='ocrx_word' id='word_1_391' title='bbox 709 3451 776 3502; x_wconf 81' lang='lat' dir='ltr'>Livii</span> <span class='ocrx_word' id='word_1_392' title='bbox 785 3451 826 3502; x_wconf 85' lang='lat' dir='ltr'>vel</span> <span class='ocrx_word' id='word_1_393' title='bbox 837 3451 957 3522; x_wconf 71' lang='lat' dir='ltr'>Dionysii</span> <span class='ocrx_word' id='word_1_394' title='bbox 968 3447 1041 3502; x_wconf 80' lang='lat' dir='ltr'>foliis</span> <span class='ocrx_word' id='word_1_395' title='bbox 1049 3463 1213 3510; x_wconf 87' lang='lat' dir='ltr'>occurrunt,</span> <span class='ocrx_word' id='word_1_396' title='bbox 1222 3459 1291 3504; x_wconf 86' lang='lat' dir='ltr'>erunt</span> 
     </span>
     <span class='ocr_line' id='line_1_41' title="bbox 247 3525 1291 3603; baseline 0.008 -29"><span class='ocrx_word' id='word_1_397' title='bbox 247 3525 331 3593; x_wconf 83' lang='lat' dir='ltr'>ferte,</span> <span class='ocrx_word' id='word_1_398' title='bbox 344 3531 389 3598; x_wconf 88' lang='lat' dir='ltr'>qui</span> <span class='ocrx_word' id='word_1_399' title='bbox 403 3541 478 3582; x_wconf 84' lang='lat' dir='ltr'>acute</span> <span class='ocrx_word' id='word_1_400' title='bbox 495 3532 546 3583; x_wconf 87' lang='lat' dir='ltr'>sibi</span> <span class='ocrx_word' id='word_1_401' title='bbox 561 3531 716 3584; x_wconf 83' lang='lat' dir='ltr'>observasse</span> <span class='ocrx_word' id='word_1_402' title='bbox 732 3530 887 3596; x_wconf 79' lang='lat' dir='ltr'>videantur,</span> <span class='ocrx_word' id='word_1_403' title='bbox 899 3549 941 3582; x_wconf 88' lang='lat' dir='ltr'>me</span> <span class='ocrx_word' id='word_1_404' title='bbox 954 3533 1017 3582; x_wconf 86' lang='lat' dir='ltr'>satis</span> <span class='ocrx_word' id='word_1_405' title='bbox 1029 3533 1097 3582; x_wconf 75' lang='lat' dir='ltr'>trita</span> <span class='ocrx_word' id='word_1_406' title='bbox 1108 3545 1291 3603; x_wconf 74' lang='lat' dir='ltr'>persequutor</span> 
     </span>
     <span class='ocr_line' id='line_1_42' title="bbox 248 3607 1291 3684; baseline 0.004 -28"><span class='ocrx_word' id='word_1_407' title='bbox 248 3621 313 3656; x_wconf 85' lang='lat' dir='ltr'>esse.</span> <span class='ocrx_word' id='word_1_408' title='bbox 326 3607 424 3660; x_wconf 85' lang='lat' dir='ltr'>Verum</span> <span class='ocrx_word' id='word_1_409' title='bbox 435 3613 462 3662; x_wconf 91' lang='lat' dir='ltr'>in</span> <span class='ocrx_word' id='word_1_410' title='bbox 474 3623 532 3662; x_wconf 90' lang='lat' dir='ltr'>toto</span> <span class='ocrx_word' id='word_1_411' title='bbox 544 3611 597 3663; x_wconf 92' lang='lat' dir='ltr'>hoc</span> <span class='ocrx_word' id='word_1_412' title='bbox 610 3631 706 3684; x_wconf 73' lang='lat' dir='ltr'>genere</span> <span class='ocrx_word' id='word_1_413' title='bbox 718 3629 773 3662; x_wconf 88' lang='lat' dir='ltr'>non</span> <span class='ocrx_word' id='word_1_414' title='bbox 785 3612 880 3677; x_wconf 83' lang='lat' dir='ltr'>refert,</span> <span class='ocrx_word' id='word_1_415' title='bbox 893 3611 958 3682; x_wconf 90' lang='lat' dir='ltr'>quid</span> <span class='ocrx_word' id='word_1_416' title='bbox 970 3609 1016 3663; x_wconf 80' lang='lat' dir='ltr'>alii</span> <span class='ocrx_word' id='word_1_417' title='bbox 1026 3609 1160 3677; x_wconf 87' lang='lat' dir='ltr'>dixerint,</span> <span class='ocrx_word' id='word_1_418' title='bbox 1174 3613 1223 3664; x_wconf 89' lang='lat' dir='ltr'>sed</span> <span class='ocrx_word' id='word_1_419' title='bbox 1239 3609 1291 3683; x_wconf 88' lang='lat' dir='ltr'>quid</span> 
     </span>
    </p>

    <p class='ocr_par' dir='ltr' id='par_1_8' title="bbox 186 3687 1292 4083">
     <span class='ocr_line' id='line_1_43' title="bbox 186 3687 1291 3763; baseline 0.011 -31"><span class='ocrx_word' id='word_1_420' title='bbox 186 3727 188 3734; x_wconf 82' lang='grc'>,</span> <span class='ocrx_word' id='word_1_421' title='bbox 248 3703 319 3735; x_wconf 89' lang='lat' dir='ltr'>nunc</span> <span class='ocrx_word' id='word_1_422' title='bbox 330 3704 345 3736; x_wconf 82' lang='lat' dir='ltr'>a</span> <span class='ocrx_word' id='word_1_423' title='bbox 355 3697 380 3738; x_wconf 86' lang='lat' dir='ltr'>te</span> <span class='ocrx_word' id='word_1_424' title='bbox 391 3687 531 3742; x_wconf 87' lang='lat' dir='ltr'>dicendum</span> <span class='ocrx_word' id='word_1_425' title='bbox 545 3693 636 3755; x_wconf 87' lang='lat' dir='ltr'>fuerit;</span> <span class='ocrx_word' id='word_1_426' title='bbox 650 3706 706 3744; x_wconf 88' lang='lat' dir='ltr'>tum</span> <span class='ocrx_word' id='word_1_427' title='bbox 719 3711 783 3744; x_wconf 82' lang='lat' dir='ltr'>vero</span> <span class='ocrx_word' id='word_1_428' title='bbox 795 3691 863 3743; x_wconf 89' lang='lat' dir='ltr'>illud</span> <span class='ocrx_word' id='word_1_429' title='bbox 874 3693 996 3763; x_wconf 84' lang='lat' dir='ltr'>inprimis</span> <span class='ocrx_word' id='word_1_430' title='bbox 1008 3689 1224 3758; x_wconf 79' lang='lat' dir='ltr'>attendendum,</span> <span class='ocrx_word' id='word_1_431' title='bbox 1240 3709 1291 3744; x_wconf 80' lang='lat' dir='ltr'>nutu</span> 
     </span>
     <span class='ocr_line' id='line_1_44' title="bbox 248 3763 1292 3846; baseline 0.009 -31"><span class='ocrx_word' id='word_1_432' title='bbox 248 3763 295 3815; x_wconf 81' lang='lat' dir='ltr'>alii</span> <span class='ocrx_word' id='word_1_433' title='bbox 307 3764 412 3816; x_wconf 83' lang='lat' dir='ltr'>easdem</span> <span class='ocrx_word' id='word_1_434' title='bbox 424 3787 466 3821; x_wconf 83' lang='lat' dir='ltr'>res</span> <span class='ocrx_word' id='word_1_435' title='bbox 478 3770 572 3823; x_wconf 88' lang='lat' dir='ltr'>eodem</span> <span class='ocrx_word' id='word_1_436' title='bbox 582 3771 698 3841; x_wconf 88' lang='lat' dir='ltr'>judicio,</span> <span class='ocrx_word' id='word_1_437' title='bbox 711 3771 806 3825; x_wconf 88' lang='lat' dir='ltr'>eodem</span> <span class='ocrx_word' id='word_1_438' title='bbox 818 3771 945 3838; x_wconf 85' lang='lat' dir='ltr'>consilio,</span> <span class='ocrx_word' id='word_1_439' title='bbox 958 3770 1053 3826; x_wconf 80' lang='lat' dir='ltr'>eedem</span> <span class='ocrx_word' id='word_1_440' title='bbox 1065 3791 1134 3826; x_wconf 80' lang='lat' dir='ltr'>curs</span> <span class='ocrx_word' id='word_1_441' title='bbox 1146 3791 1180 3826; x_wconf 82' lang='lat' dir='ltr'>ec</span> <span class='ocrx_word' id='word_1_442' title='bbox 1195 3774 1292 3846; x_wconf 72' lang='lat' dir='ltr'>diligen-</span> 
     </span>
     <span class='ocr_line' id='line_1_45' title="bbox 247 3845 1292 3924; baseline 0.011 -32"><span class='ocrx_word' id='word_1_443' title='bbox 247 3845 283 3894; x_wconf 80' lang='lat' dir='ltr'>tia</span> <span class='ocrx_word' id='word_1_444' title='bbox 295 3847 469 3913; x_wconf 84' lang='lat' dir='ltr'>exposuerint.</span> <span class='ocrx_word' id='word_1_445' title='bbox 480 3849 539 3900; x_wconf 87' lang='lat' dir='ltr'>Dici</span> <span class='ocrx_word' id='word_1_446' title='bbox 550 3863 638 3904; x_wconf 82' lang='lat' dir='ltr'>eutem</span> <span class='ocrx_word' id='word_1_447' title='bbox 650 3855 693 3904; x_wconf 84' lang='lat' dir='ltr'>rix</span> <span class='ocrx_word' id='word_1_448' title='bbox 702 3864 804 3924; x_wconf 87' lang='lat' dir='ltr'>potest,</span> <span class='ocrx_word' id='word_1_449' title='bbox 817 3869 897 3923; x_wconf 84' lang='lat' dir='ltr'>quam</span> <span class='ocrx_word' id='word_1_450' title='bbox 905 3869 1002 3922; x_wconf 86' lang='lat' dir='ltr'>perum</span> <span class='ocrx_word' id='word_1_451' title='bbox 1008 3851 1176 3921; x_wconf 85' lang='lat' dir='ltr'>judiciosuo</span> <span class='ocrx_word' id='word_1_452' title='bbox 1187 3856 1292 3907; x_wconf 72' lang='lat' dir='ltr'>tribuere</span> 
     </span>
     <span class='ocr_line' id='line_1_46' title="bbox 248 3919 1292 4004; baseline 0.01 -34"><span class='ocrx_word' id='word_1_453' title='bbox 248 3922 299 3990; x_wconf 84' lang='lat' dir='ltr'>ipsi</span> <span class='ocrx_word' id='word_1_454' title='bbox 310 3919 450 3972; x_wconf 80' lang='lat' dir='ltr'>videantur</span> <span class='ocrx_word' id='word_1_455' title='bbox 461 3925 493 3988; x_wconf 89' lang='lat' dir='ltr'>ii,</span> <span class='ocrx_word' id='word_1_456' title='bbox 506 3930 551 3994; x_wconf 88' lang='lat' dir='ltr'>qui</span> <span class='ocrx_word' id='word_1_457' title='bbox 563 3947 604 3981; x_wconf 85' lang='lat' dir='ltr'>res</span> <span class='ocrx_word' id='word_1_458' title='bbox 616 3931 748 3984; x_wconf 79' lang='lat' dir='ltr'>Romanas</span> <span class='ocrx_word' id='word_1_459' title='bbox 763 3942 822 3982; x_wconf 80' lang='lat' dir='ltr'>ante</span> <span class='ocrx_word' id='word_1_460' title='bbox 835 3942 934 4000; x_wconf 86' lang='lat' dir='ltr'>etpost</span> <span class='ocrx_word' id='word_1_461' title='bbox 949 3930 1044 3982; x_wconf 87' lang='lat' dir='ltr'>urbem</span> <span class='ocrx_word' id='word_1_462' title='bbox 1062 3931 1208 3985; x_wconf 81' lang='lat' dir='ltr'>conditam</span> <span class='ocrx_word' id='word_1_463' title='bbox 1224 3933 1292 4004; x_wconf 69' lang='lat' dir='ltr'>vulgo</span> 
     </span>
     <span class='ocr_line' id='line_1_47' title="bbox 248 4001 1292 4083; baseline 0.018 -36"><span class='ocrx_word' id='word_1_464' title='bbox 248 4017 378 4069; x_wconf 76' lang='lat' dir='ltr'>exponere</span> <span class='ocrx_word' id='word_1_465' title='bbox 388 4001 485 4054; x_wconf 87' lang='lat' dir='ltr'>solent:</span> <span class='ocrx_word' id='word_1_466' title='bbox 496 4022 576 4073; x_wconf 89' lang='lat' dir='ltr'>quum</span> <span class='ocrx_word' id='word_1_467' title='bbox 591 4027 622 4061; x_wconf 86' lang='lat' dir='ltr'>ex</span> <span class='ocrx_word' id='word_1_468' title='bbox 632 4010 705 4062; x_wconf 88' lang='lat' dir='ltr'>Livio</span> <span class='ocrx_word' id='word_1_469' title='bbox 714 4024 740 4064; x_wconf 90' lang='lat' dir='ltr'>et</span> <span class='ocrx_word' id='word_1_470' title='bbox 746 4012 873 4083; x_wconf 81' lang='lat' dir='ltr'>Dionysio</span> <span class='ocrx_word' id='word_1_471' title='bbox 884 4013 995 4064; x_wconf 87' lang='lat' dir='ltr'>recitent</span> <span class='ocrx_word' id='word_1_472' title='bbox 1006 4021 1114 4066; x_wconf 82' lang='lat' dir='ltr'>veteres</span> <span class='ocrx_word' id='word_1_473' title='bbox 1125 4013 1190 4067; x_wconf 81' lang='lat' dir='ltr'>illus</span> <span class='ocrx_word' id='word_1_474' title='bbox 1199 4002 1292 4070; x_wconf 72' lang='lat' dir='ltr'>subulis</span> 
     </span>
    </p>
   </div>
   <div class='ocr_carea' id='block_1_5' title="bbox 0 0 1350 4596">
    <p class='ocr_par' dir='ltr' id='par_1_9' title="bbox 0 0 1350 4596">
     <span class='ocr_line' id='line_1_48' title="bbox 0 0 1350 4596; baseline 0 0"><span class='ocrx_word' id='word_1_475' title='bbox 0 0 1350 4596; x_wconf 95' lang='lat' dir='ltr'> </span> 
     </span>
    </p>
   </div>
  </div>
 </body>
</html>
