2690 4596
263 311 326 378 382
514 308 549 370 P.
572 303 804 368 VIRGlLll
827 306 1060 374 Manonls

263 435 352 498 Tum
363 431 446 520 lapis
458 431 528 518 ipse
540 428 616 507 viri,
629 451 771 494 vacuum
781 451 842 516 per
852 430 949 494 inane
961 431 1112 511 volutus,

263 541 292 604 N
294 562 331 604 ec
344 539 486 627 spatium
498 535 601 600 evasit
612 550 734 614 totum,
747 557 809 599 nec
821 537 958 622 pertulit
969 538 1083 601 ictum.

260 649 308 711 Ac
320 644 456 710 velutin
469 640 607 719 somnis,
621 641 735 705 oculos
748 640 806 704 ubi
816 641 973 728 languida
984 643 1107 730 pressit

260 753 366 816 Nocte
379 749 489 838 quiea,
503 744 730 835 nequidquam
741 745 856 811 avidos
869 746 1047 812 extendere
1059 770 1181 814 cursus

260 857 356 921 Velle
367 854 534 931 videmur,
549 868 581 916 et
593 853 628 916 in
640 851 758 916 mediis
770 853 942 918 conatibus
955 855 1033 944 aegri

248 960 482 1039 -Succidimus;
495 980 563 1021 non
575 956 687 1044 lingua
699 958 799 1038 valet,
813 981 882 1023 non
894 982 1034 1048 corpore
1046 977 1138 1025 notae

259 1067 435 1134 Sufficiunt
447 1066 547 1142 vires,
560 1085 622 1130 nec
634 1085 711 1142 vox,
724 1081 781 1128 aut
792 1063 893 1128 verba
905 1081 1112 1154 sequuntur:

256 1174 312 1239 Sic
324 1175 454 1251 Turno,
468 1191 679 1259 quacumque
691 1170 778 1234 viam
790 1170 912 1235 virtute
923 1171 1055 1258 petivit,

258 1283 454 1350 successum
467 1278 528 1343 dea
541 1276 612 1343 dira
624 1294 739 1366 negat:
754 1293 825 1342 tum
836 1295 972 1366 pectore
984 1301 1102 1344 sensus

258 1391 444 1454 Vertuntur
454 1385 554 1451 varii:
570 1386 709 1450 Rutulos
721 1384 905 1474 adspectat,
920 1402 953 1450 et
964 1385 1099 1466 urbem,
1121 1365 1124 1381 ⁸
1272 1397 1311 1460 9¹⁵

254 1498 506 1581 cunctaturque
519 1506 625 1571 metu,
639 1491 810 1580 telumque
822 1491 944 1556 instare
956 1491 1135 1572 tremiscit,

256 1603 328 1666 Nec
341 1623 408 1689 quo
421 1619 455 1662 sc
469 1597 600 1684 eripiat,
615 1619 677 1661 nec
690 1620 756 1686 qua
767 1598 801 1662 vi
812 1596 927 1662 tendat
939 1599 973 1662 in
985 1597 1135 1678 hostem,

257 1709 328 1771 Nec
340 1725 455 1770 currus
467 1723 608 1791 usquam
620 1701 726 1782 videt,
739 1705 929 1792 aurigamve
941 1725 1102 1769 sororem.

257 1810 433 1877 Cunctanti
445 1809 550 1874 telum
560 1809 677 1874 AEneas
690 1809 787 1874 fatale
801 1827 966 1889 coruscat,

288 1991 343 2054 906.
352 1992 487 2036 virivucuus
498 2004 540 2034 nrs.
553 1986 642 2033 barthii
653 1988 684 2033 ad
693 1990 750 2034 Stat.
760 1987 835 2034 Tneb.
846 1989 891 2043 Vl,
902 1987 960 2048 938,
972 1989 1014 2050 qui
1025 1989 1076 2049 ipse
1088 1998 1201 2034 contorta
1211 1991 1310 2034 oratione

256 2074 281 2108 et
293 2063 408 2108 sententis
416 2059 538 2120 distinguit
547 2073 552 2102 τ
560 2060 613 2120 ipse,
621 2061 774 2104 visiuacuum.
784 2061 863 2104 surm.
874 2061 916 2104 vise
922 2073 1019 2103 vacum
1028 2070 1111 2103 tentat.
1121 2060 1253 2105 Enimvero
1260 2059 1310 2122 iupis

255 2137 300 2178 vit-i
308 2136 315 2192 (
324 2148 367 2195 pro
378 2132 443 2193 ejus)
454 2141 488 2176 est
497 2128 556 2190 lapis
565 2129 594 2174 ab
607 2144 635 2174 eo
642 2133 775 2192 projeetus:
786 2129 875 2176 dietum
883 2130 913 2176 sd
920 2129 1039 2192 vulgarent
1047 2129 1150 2175 formam
1159 2147 1166 2175 τ
1174 2133 1254 2193 jactus
1262 2133 1307 2177 viri.

256 2206 351 2250 Poterat
360 2209 408 2248 viro
420 2202 513 2256 dicere,
525 2213 551 2246 ut
563 2212 623 2246 esset
631 2203 680 2246 viro
691 2198 793 2256 volutare,
808 2198 832 2244 h.
845 2217 858 2246 a
869 2202 933 2255 vir03
943 2200 984 2245 sed
994 2198 1094 2246 alterum
1102 2200 1203 2247 maluit:
1214 2219 1255 2247 cnr
1269 2216 1310 2246 non

256 2275 375 2320 feramus?
384 2277 450 2318 inane
462 2273 491 2317 de
504 2286 558 2318 aere
568 2285 631 2316 nnnc
643 2285 692 2316 non
703 2274 803 2334 primum
813 2273 927 2327 occurrit,
942 2286 986 2316 nec
999 2274 1049 2334 ejus
1061 2271 1188 2333 epitheton
1203 2289 1309 2325 ausuum,-

256 2357 382 2405 utrumqus
393 2343 502 2388 Lucretio
510 2340 651 2388 subiectum.
661 2367 693 2380 -ι-
702 2358 756 2404 9⁰7·
768 2346 851 2398 evasit,
866 2351 935 2389 totum
945 2357 986 2386 nec
997 2344 1172 2404 interpungunt
1182 2343 1238 2399 alii,
1249 2345 1308 2389 etiarn

255 2412 319 2474 apud
328 2413 442 2458 Servium.
457 2426 530 2474 neque
541 2407 627 2456 Medic.
639 2411 731 2473 Mensg.
746 2412 852 2458 Parrhas.
862 2437 894 2446 -
902 2411 957 2472 908.
970 2410 1041 2456 veluti
1050 2410 1151 2458 norvill.
1170 2425 1195 2458 et
1208 2410 1308 2458 nonnulii

256 2484 322 2528 editi.
336 2481 413 2528 oculos
423 2497 476 2527 cum
485 2481 543 2528 alter
552 2481 645 2542 Menag.
658 2483 712 2527 Post
720 2481 784 2528 hunc
795 2499 886 2530 versum
898 2485 923 2528 in
933 2482 999 2529 Leid.
1011 2493 1033 2528 et
1045 2483 1102 2544 Reg.
1114 2483 1261 2546 sequebatm·
1269 2485 1309 2528 ini·

255 2555 314 2600 tium
328 2569 421 2601 versus:
440 2555 472 2598 Et
483 2555 650 2616 jamjamque,
667 2569 741 2599 vacuo
759 2557 834 2616 spatio
850 2553 940 2601 relicto.
963 2553 1097 2614 (Fraudem
1114 2554 1216 2600 librario
1229 2556 1309 2601 fecerat

254 2639 334 2670 versus
343 2625 369 2669 in
380 2623 443 2668 idem
452 2623 549 2670 verbum
561 2622 670 2668 desinens
681 2623 735 2684 939.
745 2623 792 2685 940
800 2627 916 2687 repressit,
929 2625 961 2668 Et
964 2627 1015 2686 jam
1019 2627 1122 2687 jamque.
1131 2626 1140 2682 )
1152 2651 1181 2661 -
1191 2641 1247 2686 911.
1257 2623 1309 2671 volet

254 2693 341 2741 Medic.
356 2697 383 2754 (a
398 2711 429 2740 m.
446 2709 482 2756 pr.
500 2695 613 2756 )corporu
630 2693 691 2740 Gud.
709 2705 776 2741 motae
790 2696 849 2742 alter
860 2697 953 2757 Menag.
971 2704 1034 2741 nocte
1050 2696 1119 2740 Leid.
1131 2709 1156 2742 et
1166 2698 1223 2742 Exe.
1235 2699 1308 2742 Burin.

254 2779 309 2810 cum
321 2764 390 2810 Goth.
406 2779 451 2810 sec.
463 2789 495 2799 -
506 2779 559 2825 912.
572 2763 690 2810 antverbu
703 2765 759 2810 inde
769 2766 799 2811 ab
808 2765 860 2811 nld.
870 2777 922 2812 tert.
934 2765 1034 2827 legitur:
1046 2767 1070 2809 in
1081 2764 1134 2810 aliis
1144 2781 1185 2812 nec
1195 2767 1271 2812 verba.
1281 2790 1308 2802 -

252 2835 308 2898 913.
317 2850 483 2901 quamcumque
494 2839 553 2880 utiam
560 2837 627 2883 Leid.
637 2850 660 2882 et
669 2838 735 2893 Pan,
745 2837 810 2900 quod
819 2838 951 2900 expeditius
966 2849 1040 2884 esset:
1050 2834 1152 2882 alterum
1166 2841 1305 2901 exquisitius.

250 2909 292 2954 sic
302 2905 373 2953 Nulla
382 2910 441 2952 vtum
450 2907 549 2970 fortuna
565 2910 621 2970 repit
635 2923 687 2970 sup.
702 2909 755 2965 405.
765 2933 797 2945 -
806 2909 860 2969 914.
876 2911 918 2955 dea
929 2911 989 2956 dicta
1003 2907 1093 2953 Zulich.
1104 2925 1159 2954 cnm
1166 2919 1259 2972 pectore
1265 2925 1305 2955 sec.

203 3025 208 3036 ,
252 2981 363 3026 Rottend.
374 2992 398 3026 et
407 2981 472 3026 Leid.
482 2988 573 3042 pectora
582 2981 656 3041 sigor.
667 3006 698 3016 —
707 2983 761 3041 915.
775 2985 892 3044 conspexit
904 2991 928 3028 et
942 2981 1020 3026 urbem
1028 2979 1120 3026 Zulich.
1129 3007 1163 3016 -
1171 2982 1228 3042 916.
1240 2983 1306 3027 Cune-

253 3059 376 3116 tanturque
386 3051 444 3097 alter
453 3052 546 3114 Menag.
558 3065 581 3097 et
590 3051 650 3097 alter
659 3052 729 3098 Goth.
741 3052 827 3116 teloque
837 3071 872 3116 pr.
882 3053 966 3098 Hamb.
976 3069 988 3097 a
998 3068 1028 3101 m.
1039 3067 1099 3106 sce,
1111 3065 1194 3114 argute
1204 3069 1210 3098 τ
1220 3057 1305 3100 insten-

253 3135 302 3170 tem
315 3126 409 3169 AEnearn
420 3122 475 3170 telo.
487 3121 600 3188 letumque
609 3125 726 3171 Rufinian.
739 3126 768 3172 de
782 3124 873 3172 Sclrern.
884 3127 939 3172 Lex.
949 3141 973 3186 p.
991 3121 1046 3178 258,
1062 3124 1104 3168 ubi
1118 3124 1167 3170 vid.
1184 3125 1304 3170 Ruhnken.

250 3195 282 3240 V.
293 3197 319 3241 C.
330 3198 447 3242 tremescit
456 3196 565 3242 scribitur
574 3199 599 3241 in
609 3195 688 3243 multis
698 3199 765 3244 etiam
776 3197 831 3243 aiibi
841 3214 846 3242 ε
857 3199 974 3260 ιιῑέραεείω
985 3196 1094 3242 vidimus.
1105 3223 1137 3230 -
1146 3213 1203 3259 917.
1211 3199 1306 3261 Necqus

254 3265 316 3310 Gud.
329 3283 380 3311 am.
392 3283 437 3313 sec.
447 3283 471 3312 se
483 3268 626 3330 rapiatVen.
637 3284 649 3312 a
659 3285 690 3314 m.
701 3285 737 3331 pr.
748 3281 772 3314 et
780 3269 827 3314 Eri.
837 3269 929 3330 -918.
941 3284 1033 3314 currum
1050 3267 1151 3312 Oudart.
1167 3284 1249 3315 cursus
1263 3271 1304 3314 duo

252 3335 332 3380 Burni.
342 3353 439 3382 cunnus
451 3339 529 3394 Rom,
542 3340 610 3384 etiam
623 3337 648 3383 h.
659 3337 676 3384 l.
687 3339 749 3386 roni.
760 3355 811 3402 sup.
823 3339 853 3385 ad
862 3339 917 3396 xil,
931 3339 969 3384 61.
984 3339 1114 3400 auriqamve
1128 3337 1236 3395 Medic„
1249 3337 1303 3385 unde

251 3406 333 3452 ¹Heius.
344 3412 434 3472 recepit
443 3424 485 3471 pro
494 3425 547 3474 que.

289 3548 341 3615 908
359 3567 417 3620 sqq.
436 3551 546 3622 Egregie
561 3553 665 3604 ornavit
682 3571 755 3604 com·
801 3551 904 3617 iniisse,
930 3550 1035 3622 vulgari
1059 3548 1144 3602 modo
1169 3549 1252 3603 dices.
1275 3575 1302 3588 -·

252 3628 421 3695 parationem
437 3648 486 3699 per
504 3629 532 3682 se
548 3630 709 3700 J'ucundam,
723 3651 754 3684 ex
799 3633 860 3700 914.
880 3631 941 3700 915.
963 3632 1070 3681 Dictum
1086 3632 1250 3699 exquisitius
1259 3645 1300 3700 pro

251 3704 329 3755 Iliad.
343 3723 378 3772 χ,
396 3725 515 3780 199sqq.
532 3711 569 3760 Ex
586 3710 696 3782 Virgilio
710 3731 755 3763 ex·
800 3711 977 3763 sollenniore:
996 3711 1088 3773 vertit,
1110 3724 1218 3773 versat,
1237 3709 1302 3761 varia

252 3801 375 3854 pressum
397 3799 493 3856 putent
523 3787 611 3841 locum
635 3790 754 3862 Oppiani
795 3792 924 3856 consilia,
946 3807 1052 3851 sensus,
1076 3791 1171 3840 animo
1193 3790 1300 3842 Turnus.

253 3863 369 3915 Halieut·
389 3866 426 3930 Π,
451 3865 522 3916 81····
543 3869 586 3921 85.
607 3869 653 3919 Est
675 3874 754 3922 etiam
798 3901 834 3910 -·-
846 3870 898 3940 915
912 3889 970 3941 sqq.
984 3869 1092 3939 Species
1105 3869 1206 3921 eadem
1216 3873 1302 3921 Hecto·

253 3943 390 4012 Apollonii
399 3942 490 3994 similis
500 3943 575 3998 loeus
585 3946 632 3998 lib.
641 3950 679 4013 11,
694 3951 752 4020 278.
798 3951 834 4001 ris
847 3948 923 4002 Iliad.
938 3967 969 4014 χ,
983 3949 1034 4018 293
1045 3966 1124 4019 seqq.

252 4049 289 4061 *-
309 4021 369 4092 913.
395 4040 579 4095 quamcunque
601 4025 672 4076 viam
692 4046 753 4080 eum
834 4049 895 4103 9¹9·
920 4041 1058 4098 coruscat,
1083 4031 1199 4102 vibrat,
1226 4029 1304 4086 adun
