2736 4598
244 276 246 280 ¹
335 281 845 356 AENElDOS-LIBERX1.'
1041 297 1103 362 '223

61 413 181 478 Militia
193 413 299 478 axilla
312 411 478 478 diversum
489 412 531 477 ad
543 413 620 478 litus
632 412 751 493 adacti,

62 519 194 586 Atrides
206 520 316 585 Protei
328 519 498 584 Menelaus
509 518 552 583 ad
564 541 669 608 usque
682 521 850 584 columnas

62 626 212 704 Exsulat3
226 627 366 689 AEtnaeos
378 623 460 687 vidit
472 625 630 713 Cyclopas
643 624 763 689 Ulixes.

63 732 178 818 Regna
189 731 400 818 Neoptolemi
411 731 565 809 referam,
578 751 757 818 versosque
769 732 898 795 Penatis
949 759 952 766 ⁴

63 833 256 900 Idomenei?
268 835 434 925 Libycone
446 834 629 900 habitantes
641 837 739 900 litore¹
751 837 892 901 Locrm?
1062 857 1106 904 set

62 1009 129 1056 alibi.
141 1009 193 1056 Sed
207 1011 292 1059 Graecis
308 1022 342 1056 est
357 1003 482 1072 Kaoupsis.
501 1027 523 1055 u.
541 1009 670 1074 Etymolog.
687 1012 713 1054 in
724 1009 747 1055 h.
765 1026 787 1054 v.
799 1035 831 1046 —-
843 1010 894 1056 261.
910 1010 985 1060 abacti
1000 1012 1109 1078 plerique

64 1078 136 1124 codd.
148 1091 239 1127 etvett.
250 1079 321 1136 redd„
333 1079 405 1142 idque
417 1091 496 1125 tuetur
509 1081 569 1125 Pier.
585 1080 670 1125 abactis
682 1079 786 1126 Parthas
797 1081 826 1126 dt
836 1082 922 1136 adacti,
934 1083 998 1144 quod
1009 1084 1064 1130 inde
1078 1086 1108 1130 ab

63 1147 118 1194 Ald.
127 1165 164 1209 pr.
170 1149 274 1207 editum,
285 1150 371 1197 Medic.
382 1165 435 1195 cum
443 1148 494 1194 aliis
502 1149 634 1206 nonnullis,
642 1150 705 1196 unde
712 1152 807 1196 retraxit
813 1151 905 1206 Heius,
915 1167 989 1213 quum
996 1155 1022 1198 in
1029 1153 1107 1216 vulgg.
1151 1181 1153 1188 ·

64 1219 120 1265 edd.
131 1224 233 1268 venisset
239 1222 314 1268 abacti
320 1238 348 1268 ex
355 1221 392 1268 ed.
402 1221 539 1267 Commelin.
549 1221 639 1268 Omissa
648 1221 680 1266 ad
687 1221 783 1268 Mentel.
793 1237 828 1283 pr.
838 1222 949 1268 diversum
962 1222 1014 1270 litus
1023 1225 1109 1282 ¹intueti„

64 1290 130 1350 quod
143 1303 213 1337 ornat
223 1293 338 1338 Heinsius.
350 1317 382 1328 -
393 1291 445 1337 263.
462 1289 548 1337 Exulet
561 1291 648 1337 Medio.
660 1307 673 1336 a
684 1308 716 1337 m.
728 1309 763 1354 pr.
777 1304 800 1338 et
811 1291 872 1337 Gud.
886 1317 918 1328 -·
933 1293 984 1339 265.
997 1294 1111 1354 Hbycmu

64 1372 94 1405 ex
103 1360 213 1410 omnihus
229 1362 289 1409 tter.
304 1371 327 1408 et
338 1361 468 1423 potioribus
481 1363 529 1408 suis
542 1361 621 1406 Heius.
633 1377 676 1423 pro
687 1361 803 1420 Libycone.
814 1363 874 1408 'lum
888 1371 911 1408 et
920 1361 1030 1421 toycam
1043 1366 1108 1410 Dor-

62 1519 134 1574 tem,
155 1506 301 1579 tresque
321 1523 433 1582 propter
455 1510 566 1563 latentia
610 1524 738 1564 extremas
748 1527 840 1572 versus
848 1509 1107 1564 occidentemterras

64 1589 116 1642 sub
128 1589 204 1642 unda
215 1609 277 1642 saxa
293 1603 319 1643 et
332 1593 460 1658 vortices,
472 1593 566 1642 maris-
609 1590 698 1644 dicere
710 1608 768 1641 mos
783 1605 830 1644 est.
843 1594 948 1640 exulat.-
964 1591 1050 1661 simpl.
1069 1607 1108 1642 er-

63 1685 118 1742 que
128 1682 237 1735 testum,
249 1672 369 1741 inprimis
381 1682 492 1742 propter
502 1688 565 1722 nau-
609 1684 659 1723 rat.
679 1671 750 1724 Male
772 1671 849 1722 aliter
870 1668 940 1722 serv.
965 1669 1060 1722 Cerdo.
1073 1699 1107 1709 -

63 1752 152 1822 fragia
166 1749 317 1800 Graecorum
332 1749 571 1818 aTrojaredeun—
610 1751 669 1816 264.
693 1751 783 1823 Reque
804 1748 979 1820 Neoptolemi.
1001 1751 1108 1801 Novum

61 1825 146 1895 tium,
157 1830 265 1880 infame.
276 1826 347 1879 ultor
355 1827 463 1886 omnino
475 1841 566 1894 ornat,
579 1897 580 1902 1
610 1848 721 1901 regnum
728 1829 820 1902 Pyrrhi
829 1830 856 1879 in
865 1829 946 1898 Epiro
956 1849 980 1880 v.
992 1849 1049 1900 sup.
1061 1829 1108 1894 111,

64 1922 195 1979 tanquam
205 1907 388 1960 calamitosum
399 1925 505 1970 saxum
516 1909 567 1960 nisi
613 1909 692 1977 296...
701 1908 760 1976 319.
772 1925 852 1960 versos
859 1899 966 1977 penates
973 1907 1110 1976 Idomenei

64 1988 193 2046 malislad
201 1990 289 2058 Aiacis
299 1989 566 2060 naufragiumrefer-
610 2005 730 2041 eversam
749 1987 858 2038 domum
874 1999 901 2038 et
917 2005 1034 2058 regnum.
1053 1984 1109 2036 vid.
1152 2041 1153 2052 γ

61 2087 109 2134 re,
123 2087 178 2141 quo
190 2069 312 2121 Minerva
322 2087 382 2120 eum
391 2070 504 2121 ulta-est.
515 2071 565 2122 iles
605 2085 668 2138 sup.
682 2068 727 2118 lib.
745 2069 793 2132 111,
812 2083 856 2118 (22
877 2085 935 2138 sqq.
950 2067 1040 2137 ibique
1054 2067 1110 2116 No·

59 2151 127 2221 ipsa
146 2167 215 2221 saepe
235 2169 251 2201 a
269 2151 354 2220 poetis
372 2151 572 2201 in-memorium·
610 2148 787 2200 ism-265.
812 2148 942 2218 Libycone
964 2147 1109 2199 habitantes

60 2241 254 2282 revocatum.
268 2232 386 2300 Propert.
400 2231 444 2295 tv,
462 2245 489 2296 ι,
508 2231 564 2296 214.
597 2224 686 2277 'litore
704 2227 804 2278 locros.
824 2227 967 2278 Memorari
988 2226 1040 2277 hoc
1056 2227 1108 2278 alio

66 2331 106 2382 sq.
129 2309 215 2363 Multa
236 2312 368 2384 congessit
389 2311 507 2382 Lennep.
533 2309 567 2361 ad
611 2305 672 2357 loco
694 2323 748 2358 uon
766 2308 882 2358 memini.
900 2306 952 2358 Sed
970 2307 1047 2358 Maro
1062 2305 1110 2357 ha·

61 2385 172 2445 Phalar.
186 2393 268 2463 Epist.
282 2411 309 2462 p.
323 2392 357 2461 49
367 2408 425 2462 sqq.
551 2383 554 2390 ’
608 2379 674 2438 here
692 2385 745 2438 hoc
767 2389 904 2458 potuit'ex
928 2381 1036 2447 Ninon,
1062 2403 1110 2438 seu

101 2473 165 2526 262.
185 2469 405 2542 Insequentibus
422 2467 477 2520 noli
489 2469 566 2532 nimis
611 2468 692 2538 epicis
705 2467 757 2518 illis
768 2467 946 2532 carminibus,
963 2486 1019 2538 quae
1030 2465 1112 2518 Achi·
1193 2525 1195 2529 .

67 2554 201 2607 subtiliter
209 2549 566 2627 quaerere‚undeDiomedes
610 2564 705 2599 vorum
718 2566 734 2598 a
747 2549 828 2618 Troja
847 2546 1013 2600 redeuntium
1033 2564 1110 2604 casus

65 2635 171 2685 inlitus
184 2631 313 2685 Calabria
329 2633 428 2700 ejectus
444 2627 568 2684 haecom·
610 2626 905 2696 narrabannequiltus
921 2627 1020 2698 Augias
1038 2629 1110 2680 Troe.
1203 2644 1207 2649 -

68 2716 115 2766 nia
122 2714 265 2772 resciscere
275 2710 400 2782 potuerit.
411 2709 496 2760 Poste
505 2707 568 2760 licet
606 2708 699 2774 ‹zenius
715 2707 780 2770 fuit,
798 2709 873 2776 eujus
892 2705 976 2757 Nicro
992 2706 1067 2759 libris
1085 2711 1110 2758 V

69 2791 126 2844 haec
138 2809 241 2842 sumere
253 2806 404 2860 seponere.
417 2787 473 2837 Etsi
484 2788 568 2837 faten-
612 2785 723 2857 Cyclicis
748 2798 809 2836 sunt
830 2787 1005 2836 annumerati.
1027 2787 1111 2856 Argu·

67 2871 135 2924 dum
146 2882 199 2937 est,
210 2869 289 2940 'apud
300 2871 457 2930 Homerum,
474 2867 569 2919 Nesto·
609 2877 838 2924 ¹tuentum-eorum
854 2884 868 2916 e
884 2863 971 2916 Procli
989 2863 1111 2916 Chresto-

67 2971 126 3004 rem
143 2963 172 3004 et
189 2950 340 3003 Menelaum
358 2948 461 3001 cautius
482 2960 570 3016 pauet
607 2944 716 3002 :mathia
735 2963 820 3015 nuper
838 2943 974 3014 vulgatum
993 2945 1019 2994 in
1039 2944 1108 2996 Bibl.

70 3031 177 3101 eloqui,
187 3047 271 3100 quum
279 3028 315 3082 de
326 3029 389 3084 latis
402 3025 569 3085 redeuntium
613 3020 710 3080 ‹leralt
718 3023 1109 3088 titt.und1tunstinrerlnedd.

71 3112 235 3182 quasivisset
258 3105 440 3162 Telemachus.
467 3102 570 3157 Atrides
613 3102 703 3173 prio:
717 3101 784 3158 nihil
800 3114 888 3153 tamen
903 3099 936 3151 de
949 3100 991 3154 his
1008 3114 1035 3152 et
1053 3102 1111 3154 aliis

69 3189 229 3244 Menelaus:
247 3187 281 3244 de
296 3189 372 3255 eujus
389 3183 523 3236 erroribus
543 3199 568 3234 s.
610 3192 755 3244 memorat,
767 3199 801 3232 ne
811 3178 982 3236 deDiomede
992 3180 1110 3250 quidenu

70 3271 167 3344 Odyss.
182 3273 211 3330 d,
224 3271 256 3323 81
272 3287 331 3340 sqq.
348 3267 396 3320 351
415 3283 472 3337 sqq.
485 3265 521 3316 ad
532 3278 571 3316 us·
613 3272 644 3318 ut
657 3271 702 3312 aut
714 3270 897 3330 argumentum
909 3275 1031 3311 maneum
1044 3278 1111 3324 esse,

65 3343 571 3424 vqueProteicoluntnuq,novavitperul-
610 3352 661 3393 aut
678 3338 714 3390 ab
730 3340 816 3410 Augia
833 3356 888 3389 non
899 3340 1018 3390 omnium
1034 3340 1114 3392 Achi-

71 3437 99 3486 lo
114 3432 242 3486 sudamus
254 3441 340 3503 ¹poeta
351 3446 401 3500 pro
414 3424 510 3482 linibus
529 3425 572 3478 ΛΕ-
615 3437 709 3474 vorum
725 3417 825 3472 reditus
842 3430 963 3471 narratos
975 3420 1056 3472 luisse
1068 3440 1112 3473 ue·

65 3514 166 3586 ›gypti3
186 3529 249 3562 nam
270 3509 381 3560 Proteus
399 3505 436 3559 ad
457 3503 572 3560 Pharum
613 3517 688 3559 resse
705 3499 747 3550 sit.
767 3496 843 3550 Certa
855 3499 943 3566 Ajacis
951 3497 1021 3552 Oilei
1033 3501 1113 3552 eomi-

72 3591 188 3650 insulem
198 3589 310 3661 agebat,
324 3599 354 3639 ut
366 3583 502 3655 ex‚0dyss.
515 3582 534 3634 l.
547 3600 570 3634 c.
616 3593 655 3634 tes
665 3581 763 3630 Locros
771 3577 874 3632 delatos
881 3580 909 3628 in
918 3577 998 3632 litora
1006 3580 1112 3646 Africa,

74 3673 166 3725 351...
176 3670 231 3737 354
241 3671 305 3730 satis
318 3677 441 3720 constat:
463 3663 524 3729 sed,
543 3675 573 3715 ut
615 3659 692 3714 inhis
702 3659 767 3712 locis
778 3657 928 3710 consedisse
936 3658 1040 3712 tradere
1048 3659 1116 3734 olim¹
1138 3705 1140 3710 ,

73 3753 175 3821 majore
186 3750 304 3802 minum
315 3747 500 3819 phantasmate
514 3761 573 3813 per·
617 3739 766 3796 debuerunt
788 3737 924 3806 nonnulli,
945 3756 1012 3808 quos
1034 3751 1114 3810 poeta

66 3842 190 3895 castraret,
203 3825 414 3880 columnasdixit
425 3821 531 3885 Protei,
544 3833 574 3874 ut
616 3819 644 3872 h.
661 3820 679 3870 l.
698 3821 825 3890 sequitur.
842 3819 926 3870 Varie
943 3821 970 3870 in
981 3819 1114 3872 Seruianis

70 3896 289 3964 extremasterra
299 3905 390 3978 plagas
400 3900 573 3976 significarem
612 3911 707 3970 :partes
721 3899 818 3950 Africae
839 3917 854 3949 a
873 3899 954 3950 variis
967 3905 1115 3950 memoran-

76 3985 303 4058 quemadmodum
311 3980 432 4040 Hecate
441 3977 575 4035 columnas
619 3976 1116 4047 turstedincertafide,confusisque·
