2718 4594
326 277 562 344 AENElDOS
585 279 739 344 LIBER
761 281 849 345 Xll.
1045 287 1108 352 335

65 402 268 470 Rescindant
280 403 425 492 penituS,
439 423 577 490 seseque
590 401 624 464 in
636 400 723 468 bella
735 405 911 471 remittant.
1067 412 1112 471 39⁰

65 510 207 599 Jamque
220 508 334 574 aderat
345 507 471 574 Phoebo
483 512 559 572 ant'e
573 507 654 574 alios
667 507 807 574 dilectus
819 512 905 600 Iapis
1026 513 1028 518 ’

65 614 206 696 Iasides,
219 615 286 680 acri
299 614 468 704 quondam
480 614 534 679 eui
546 630 660 701 captus
672 637 784 680 amore

64 721 143 808 Ipse
156 743 230 786 suas
242 721 334 801 artis,
348 741 407 784 sua
419 742 570 797 munera,
583 719 677 784 laetus
689 720 809 808 Apollo

63 825 265 913 Augurium,
279 825 504 914 citharamque
517 823 615 889 dabat
626 825 809 916 celerisque
821 829 962 916 sagittas.

63 931 141 1011 llle,
157 946 193 994 ut
205 930 346 1020 depositi
358 931 524 1020 proferret
536 931 602 996 fata
613 932 772 1020 parentis,
845 991 848 996 .
918 973 920 978 ·
1067 949 1111 1010 395

62 1036 154 1102 Scire
167 1051 344 1125 potestates
356 1034 549 1116 herbarum,
564 1059 728 1127 usumque
741 1037 898 1106 medendi
989 1053 991 1060 “

61 1143 197 1221 Maluit,
212 1159 245 1207 et
257 1158 363 1207 mutas
375 1143 497 1230 agitare
509 1142 667 1231 inglorius
680 1143 767 1208 artis.

62 1249 176 1314 Stabat
187 1247 305 1314 acerba
316 1249 476 1328 fremens,
490 1249 658 1337 ingentem
671 1250 766 1315 nixus
779 1249 814 1314 ia
825 1247 966 1331 hastam,

61 1357 197 1434 AEneas,
211 1375 331 1442 magno
340 1354 502 1444 juvenum
515 1371 549 1419 et
559 1356 724 1422 maerentis
736 1356 801 1420 luli

62 1586 88 1620 et
98 1586 153 1621 tert.
163 1575 255 1638 -391.
272 1579 368 1641 Jamque
382 1587 431 1622 erat
447 1588 500 1623 ante
512 1577 573 1624 'alios
593 1580 661 1626 Leid.
675 1578 755 1626 Phoebt'
770 1582 823 1627 Ere.
842 1583 921 1628 Burm.
936 1581 1035 1632 delectus
1051 1588 1111 1638 Gud.

60 1647 119 1691 Mox
129 1650 190 1709 lupis
199 1647 291 1710 vulgata
301 1662 350 1696 erat
361 1647 440 1695 lectio.
455 1651 491 1696 Sic
502 1650 616 1696 codicum
623 1667 688 1713 partu
700 1651 727 1698 ut
740 1665 787 1699 tres
799 1652 908 1700 Gothani.
921 1657 996 1719 Iapyx
1005 1660 1113 1710 Heinsius

62 1721 156 1780 recepit
164 1722 317 1766 vetustiorum
326 1722 408 1784 utique
419 1721 527 1767 codicum
536 1725 681 1770 auctoritate.
693 1725 785 1770 Rationi
796 1728 908 1772 tamenin
918 1731 1051 1779 nominihus
1059 1749 1115 1795 pro.

61 1791 122 1849 priis
132 1788 185 1850 plus
196 1790 347 1836 tribuendum
357 1791 469 1846 arbitror,
480 1803 503 1838 et
512 1791 590 1854 lapsus
599 1793 709 1854 proclivis
721 1807 782 1850 erat,
794 1811 868 1858 quum
878 1793 954 1858 Iapyx
964 1803 1042 1848 notim
1054 1820 1114 1852 esset

62 1857 174 1904 librariis.
191 1861 275 1922 lapidis
292 1873 379 1906 nomen
395 1861 460 1906 haud
476 1861 547 1906 dubie
560 1863 755 1909 accommodatius
771 1865 876 1920 medico,
890 1883 964 1927 quam
979 1871 1069 1934 Iapygis
1086 1890 1115 1922 ex

61 1927 149 1988 Apulis
161 1931 275 1990 petitum:
288 1943 311 1976 et
320 1931 376 1976 facit
385 1933 547 1976 auctoritatem
556 1933 671 1977 Ausonius
683 1934 708 1976 in
717 1935 882 1994 epigrammate
891 1935 955 1991 lllll,
967 1939 1032 2000 quod
1040 1948 1115 1990 torri.

62 2013 120 2059 flete
132 1999 224 2046 volebat
234 2001 356 2047 Heinsius:
371 2001 464 2046 ldmona
474 2001 536 2064 quod
545 2009 631 2056 vatem,
643 2001 753 2046 medaeam
761 2003 823 2064 quod
831 2003 910 2065 lapido
921 2005 1012 2062 climat,¹
1020 2010 1114 2058 Discen-

60 2072 104 2116 das
116 2081 176 2118 artes
187 2076 276 2119 nomeu
288 2076 434 2136 permane.
446 2073 517 2118 Ludit
529 2083 599 2134 poeta
611 2075 636 2118 in
648 2083 742 2136 etymo:
758 2073 800 2119 sed
818 2085 844 2119 ut
859 2075 967 2139 iapygem
978 2095 1007 2124 ex
1017 2079 1115 2128 'Ieiunas

60 2140 178 2198 deducat,
188 2142 262 2188 multo
273 2146 351 2189 minus
362 2140 432 2189 alicui
443 2144 467 2187 in
480 2145 583 2188 animum
598 2145 689 2198 veniat,
701 2157 771 2206 qaam
789 2146 808 2189 si
824 2143 929 2206 lapidem
941 2148 1028 2196 audiat.
1038 2153 1112 2202 Natus

62 2227 131 2256 error
144 2229 172 2258 ex
188 2216 267 2277 Iapis,
282 2215 347 2279 quod
362 2227 385 2261 et
396 2217 479 2262 vitiose
495 2217 607 2278 seriptum
623 2213 687 2277 apud
702 2216 804 2262 Nonium
821 2227 844 2262 et
858 2215 1003 2266 Macrobium
1018 2222 1112 2288 legitur.

61 2284 138 2344 Iaspis
149 2283 208 2330 Edd.
218 2297 273 2331 vett.
285 2285 349 2348 apud
365 2287 490 2332 Burmann.
508 2287 569 2348 Iapis
581 2287 677 2332 Venetae
694 2297 717 2332 et
732 2298 787 2332 cett.
803 2299 895 2332 nostrae.
914 2290 980 2354 lepis
991 2293 1043 2342 ΑΜ.
1056 2310 1111 2346 tert.

61 2369 118 2399 cunt
129 2353 181 2400 aliis
192 2357 248 2403 inde
261 2357 384 2420 profectis;
395 2357 490 2404 Paullus
505 2359 637 2414 Manutius,
647 2356 784 2404 Commelin.
802 2373 855 2404 eum
865 2358 895 2404 al.
905 2364 1023 2413 retinuere
1035 2371 1111 2433 lapis,

59 2423 155 2486 ltneque
169 2431 283 2476 remeavi.
293 2453 325 2464 -
334 2429 386 2490 393.
399 2445 442 2474 sua
453 2433 545 2475 numina
558 2430 601 2476 nd.
617 2445 653 2492 pr.
670 2431 748 2475 Buten.
761 2433 828 2476 mittit
838 2429 921 2494 Apollo
934 2451 970 2497 pr.
983 2439 1112 2508 Hamburg.

61 2517 95 2528 -·
106 2493 159 2553 393.
176 2497 268 2559 Duplex
280 2498 318 2544 hic
334 2498 405 2546 lectio
419 2503 467 2562 jaus
484 2502 613 2564 antiquitus
629 2500 722 2547 codices
740 2501 834 2548 insedit.
850 2502 912 2547 dedit
924 2505 1055 2565 Aproniana
1067 2513 1112 2560 fuit

61 2564 147 2622 lectio,
159 2583 229 2630 quant
240 2569 339 2625 Medio,
351 2582 400 2615 tum
411 2587 423 2615 a
438 2587 470 2616 m.
482 2587 518 2632 pr.
532 2571 608 2628 Gud,
623 2585 646 2617 et
658 2588 671 2616 a
682 2588 713 2616 m.
727 2587 772 2618 sec.
785 2570 873 2626 Zulieh.
885 2573 1027 2625 exhibebant
1037 2599 1042 2627 :
1054 2585 1111 2630 item

61 2637 135 2682 Goth.
146 2649 198 2684 tert.
207 2655 259 2686 cunr
269 2639 308 2685 ed.
319 2640 437 2696 Florent,
449 2654 507 2687 teste
517 2643 622 2688 Heinsio.
631 2641 678 2688 Sed
687 2645 816 2688 eommunis
826 2641 896 2688 lectio
907 2647 1029 2706 estuabat,
1042 2667 1112 2714 quam

60 2710 158 2754 Servius
169 2720 259 2764 tuetur,
269 2724 313 2754 nec
325 2713 378 2756 satis
390 2711 497 2772 explicat.
508 2713 566 2757 Nam
575 2724 672 2757 conatus
682 2711 753 2772 dandi
763 2711 929 2773 inteHigendus
941 2729 989 2764 est:
1002 2719 1057 2766 dare
1069 2739 1112 2767 vo-

60 2777 134 2825 lebat.
147 2780 210 2826 coni.
221 2782 311 2826 Not.--
319 2780 371 2841 395.
379 2781 476 2843 deferret
482 2794 578 2844 quartus
586 2784 684 2837 Moret„
693 2783 754 2828 forte
763 2798 806 2843 pro
817 2783 953 2844 dffrret-
962 2786 1016 2851 397.
1027 2789 1111 2837 multos

60 2857 123 2894 artes
135 2859 251 2910 perpetuo
263 2864 341 2895 errore
355 2865 408 2911 pars
419 2851 489 2896 codd.
502 2851 564 2912 apud
576 2853 702 2904 Burmann.
715 2860 814 2898 mutatus
825 2852 923 2902 Dortill.
940 2859 1002 2902 conf.
1014 2860 1068 2906 lixo.
1080 2886 1111 2898 -

63 2919 118 2981 398.
125 2920 193 2981 ssxtts
204 2919 290 2966 Medic.

101 3109 162 3176 39¹·
176 3123 234 3178 sqq.
249 3106 330 3178 lapis,
338 3107 389 3159 lael
401 3105 480 3172 lilius,
489 3105 567 3158 indu·
610 3123 691 3177 quam
699 3120 803 3172 ornate,
812 3119 838 3159 et
847 3107 882 3159 ad
889 3111 1015 3178 pietatem
1022 3111 1112 3166 decla-

65 3190 136 3238 citur
152 3186 273 3258 exemplo
292 3185 450 3239 machaonis
468 3186 564 3238 vulnus
610 3185 722 3237 tandem
742 3199 866 3256 potenter
881 3209 894 3244 ι,
912 3188 1006 3240 maluit
1026 3204 1112 3245 mutas
1203 3241 1207 3254 ,

64 3266 182 3318 Menelai
192 3267 393 3320 sanantislliad.
404 3270 427 3327 d,
441 3267 499 3318 213.
510 3265 564 3318 vid.
606 3261 710 3337 opilare
728 3263 856 3337 inplort'us
873 3277 949 3318 artes.
969 3269 1009 3320 De
1032 3274 1112 3326 mutis

64 3349 165 3398 Excute
176 3347 244 3400 adh.
257 3349 276 3399 l.
285 3349 387 3418 -394
396 3348 490 3413 dabat,
499 3346 566 3400 date
610 3345 710 3398 ortibus
718 3384 727 3412 ,
740 3345 773 3398 de
786 3347 883 3418 quibus
902 3361 955 3400 tam
967 3352 1039 3404 varie
1055 3366 1110 3406 sta-

65 3428 192 3482 volebat:
208 3444 271 3479 nant
287 3430 375 3498 lapis,
393 3429 503 3499 optione
515 3427 566 3478 sibi
610 3439 719 3478 tnernnt
735 3427 786 3477 riri
801 3425 887 3492 docti,
904 3446 929 3477 v.
941 3428 1001 3480 Ere.
1016 3433 1061 3499 lV,
1075 3434 1110 3486 ad

65 3527 81 3559 a
91 3501 192 3557 Phoebo
206 3504 285 3570 (latu,
299 3507 415 3575 praetulit
427 3518 454 3558 et
468 3505 566 3558 moluit
605 3505 635 3558 -h.
648 3506 682 3566 l.;
696 3506 797 3558 seilicet
814 3525 869 3558 non
881 3521 943 3558 sunt
955 3522 1037 3577 artes,
1050 3531 1109 3584 quae

65 3585 198 3638 medicam
208 3589 294 3634 artem
306 3584 415 3653 (quem,
428 3598 457 3636 ut
468 3598 563 3656 poeta,
603 3586 696 3651 silent,
706 3586 753 3638 sed
762 3604 819 3656 quae
827 3587 949 3650 silenturt
962 3602 988 3639 et
996 3592 1107 3660 fatiunt,

66 3683 142 3718 usum
155 3661 235 3730 dixit)
249 3660 395 3714 addiscere.
411 3676 440 3713 at
454 3664 563 3734 depositi
604 3679 638 3716 ut
658 3667 693 3732 ii,
716 3668 762 3736 qui
785 3683 830 3716 eas
853 3679 988 3734 tractant,
1010 3684 1036 3724 et
1056 3675 1108 3744 ipsi

65 3744 196 3817 proferret
205 3741 268 3812 fata
283 3742 417 3813 parentis,
434 3755 464 3792 ut
478 3745 562 3813 patris
609 3745 752 3808 sileantur;
772 3763 858 3817 eoque
878 3747 1016 3811 obseurat
1037 3753 1108 3806 unde

67 3827 109 3875 sui
115 3826 170 3892 jam
180 3819 340 3872 eou'elamati
350 3833 462 3872 mortem
471 3821 565 3874 differ·
610 3822 746 3896 inplort'tts.
759 3825 795 3875 At
808 3827 836 3876 in
848 3828 903 3878 vita
914 3825 1026 3881 heroum
1038 3844 1108 3883 artes

68 3899 271 3968 ret.ldem‚sed
281 3899 387 3951 diversa
399 3901 566 3964 ratione,est
610 3903 775 3972 augurandi,
791 3904 930 3974 jaculandi
950 3920 977 3958 et
996 3910 1110 3961 canendi

67 3979 183 4052 profem
201 3981 295 4047 vitam,
312 3978 338 4032 h.
358 3979 515 4052 producere.
532 3981 567 4033 Et
610 3980 758 4036 claritatem
771 3983 880 4038 dabant.
893 4013 928 4026 --
941 3985 1008 4057 393·
1019 3989 1111 4041 acerba
