2736 4598
344 315 581 380 AENEIDOS
604 314 758 382 LIBER
781 317 844 382 XI.
1054 325 1115 394 225

67 441 167 505 Nunc
180 439 279 503 etiam
292 434 443 502 horribili
455 439 527 503 visu
540 454 692 525 portenta
704 456 901 528 sequuntur,

69 549 113 609 Et
124 546 206 610 socii
218 543 330 608 amissi
341 544 509 630 petierunt
521 542 643 607 aethera
654 545 787 631 pennis,

70 649 347 736 Fluminibusqne
358 664 518 735 vagantur
529 669 620 726 aves,
633 647 700 712 heu
714 648 785 713 dira
796 673 947 716 meorum

69 757 253 846 Supplicia!
269 772 302 821 et
314 755 468 842 scopulos
480 756 660 820 lacrimosis
672 755 809 820 vocibus
822 758 959 845 inplent.

72 866 155 928 Haec
166 862 251 927 adeo
264 884 304 925 ex
315 860 372 926 illo
384 860 466 924 mihi
475 861 544 950 jam
557 860 718 948 speranda
730 863 865 926 fuerunt
978 851 979 856 ἵ
1076 887 1118 948 275

71 971 258 1057 Tempore,
271 990 375 1056 quum
388 967 477 1030 ferro
489 967 629 1037 caelestia
642 989 781 1055 corpora
794 967 930 1033 demens

72 1072 223 1162 Adpetii,
237 1089 269 1136 et
281 1073 420 1136 Veneris
432 1072 553 1144 violavi
565 1072 700 1137 volnere
712 1072 870 1137 dextram.

73 1182 124 1244 Ne
136 1201 232 1257 vero,
246 1201 287 1241 ne
300 1200 353 1240 me
366 1176 408 1241 ad
420 1177 500 1241 tales
514 1177 820 1266 inpellitegpugnas:

72 1289 145 1350 Nec
156 1282 240 1348 mihi
252 1306 328 1348 cum
339 1284 477 1347 Teucris
490 1282 595 1346 ullum
608 1300 683 1371 post
695 1300 788 1347 eruta
799 1283 925 1351 bellum

76 1393 250 1476 Pergama,
262 1409 324 1452 nec
336 1403 486 1450 veterum
498 1388 649 1466 memini,
663 1389 797 1454 laetorve
809 1389 982 1456 malorum.
1081 1409 1126 1457 ato

75 1500 234 1576 Munera,
249 1519 322 1585 quae
334 1496 447 1583 patriis
460 1494 502 1560 ad
515 1519 568 1560 me
580 1497 719 1584 portatis
732 1495 773 1560 ab
786 1498 866 1576 oris,

76 1603 206 1667 Vertite
217 1600 260 1667 ad
273 1603 397 1665 AEnean
411 1623 417 1663 :
432 1601 582 1667 stetimus
596 1603 662 1665 tela
674 1625 789 1690 aspera
801 1619 928 1682 eontra,

77 1707 355 1795 contulimusque
366 1729 501 1786 manus3
515 1724 650 1795 experto
663 1707 802 1788 credite,
818 1725 960 1798 quantus

111 1891 165 1940 ²7²·
173 1875 310 1921 aduneris...
319 1877 398 1937 penore
405 1874 463 1921 alios
472 1875 550 1938 legere
557 1877 638 1924 Servio
646 1878 859 1938 notatum,.sicque,
869 1891 913 1922 nec
921 1877 1074 1939 ineleganter,
1084 1882 1132 1928 ali..

78 1960 139 2012 quot
148 1949 210 1992 Pier.
221 1959 244 1993 et
251 1962 293 2007 pro
302 1945 348 1993 div.
359 1945 413 1992 lect.
423 1945 499 2001 Leid,
508 1946 573 2010 quod
580 1959 690 2010 tanquam
699 1945 828 2008 elegantius
835 1949 843 2005 (
851 1958 878 1992 ut
885 1949 914 1992 eit
922 1963 973 2008 pro,
980 1947 1024 1993 alis
1032 1955 1133 1997 emacita-

79 2020 124 2076 tir)
137 2030 274 2078 reposuerat
285 2017 406 2072 Heinsius,
418 2027 497 2062 tacens
509 2019 595 2064 iterum
606 2019 677 2077 ejecit
686 2017 812 2062 Burmann.
825 2015 926 2060 Videtur
940 2028 1017 2062 tamen
1027 2033 1070 2064 nec
1082 2022 1132 2083 ipse

78 2086 230 2148 improbare,
243 2098 266 2131 et
277 2083 358 2133 laudat
367 2101 411 2148 pro
423 2101 452 2132 eo
465 2085 584 2131 Guellium
600 2099 623 2131 et
639 2087 757 2132 Davisium
770 2085 801 2130 ad
811 2086 867 2130 Gaee.
880 2084 898 2128 l.
911 2086 937 2130 B.
956 2087 984 2130 G.
1002 2103 1039 2133 22.
1051 2090 1135 2136 Narrat

78 2175 178 2222 quoque
188 2157 308 2204 Schottum
318 2158 340 2204 ll
353 2159 418 2204 Obas.
431 2157 462 2219 49
477 2157 583 2204 maluisse
599 2161 687 2204 amasae
701 2161 781 2220 pennis
791 2173 835 2218 pro
847 2159 943 2204 emissis.
960 2161 1053 2207 αώηὶεει·
1063 2164 1133 2210 Goth.

79 2247 116 2291 pr.
129 2230 213 2274 admr'si
222 2230 281 2280 Veu.
293 2228 341 2274 Sed
354 2227 468 2278 librorum
479 2232 603 2279 auctoritas
615 2241 695 2276 tuetur
711 2232 766 2276 socii
780 2232 874 2274 omissi:
885 2231 917 2276 eie
931 2231 997 2276 Rom.
1011 2233 1098 2280 Medic.
1112 2249 1137 2282 et

79 2303 156 2346 reteri
168 2317 173 2346 ι
186 2303 229 2346 etsi
241 2301 270 2346 ad
282 2316 350 2346 aures
363 2303 441 2346 minus
450 2313 549 2362 gratum.
558 2304 632 2363 pinnis
642 2302 708 2346 Rom.
718 2300 770 2347 allis
781 2305 840 2362 (pro
852 2298 909 2360 olis)
919 2303 1004 2350 Medic.
1015 2306 1094 2351 Pierii.
1104 2333 1136 2343 -

82 2368 138 2431 273.
155 2368 198 2414 lieu
212 2369 295 2414 damna
308 2370 413 2422 Perrhae.
424 2395 456 2406 -
466 2369 519 2433 274.
534 2369 638 2417 clamosis
650 2369 748 2420 Oudart.
762 2396 794 2406 -
807 2373 859 2433 275.
878 2373 934 2418 Hoec
952 2374 1031 2419 eodem
1045 2375 1134 2423 Zuliclr.

80 2443 214 2504 superando
226 2441 295 2487 Goth.
308 2453 375 2498 tert,
386 2444 467 2504 sicque
479 2442 570 2505 aliquot
581 2445 656 2500 Pion,
667 2447 797 2507 intorques
807 2445 887 2500 Rom,
897 2445 1017 2492 Haecodeo
1028 2445 1137 2510 milrijom

81 2513 220 2575 superando.
231 2538 262 2549 -
275 2513 326 2574 276.
342 2516 462 2576 Tempore,
473 2531 518 2578 quo
527 2529 562 2574 pr.
574 2515 656 2560 namn.
668 2530 711 2576 pro
723 2532 770 2562 var.
786 2514 840 2560 lert.
850 2516 924 2577 Bigot.
937 2529 961 2562 et
972 2517 1041 2562 Gotlr.
1054 2533 1100 2564 sec.
1114 2533 1138 2565 et

82 2596 138 2630 tert.
150 2609 183 2620 -
195 2584 247 2647 278.
257 2586 325 2630 Nunc
337 2599 390 2633 vero
401 2584 499 2630 Dorvill.
513 2597 535 2635 et
547 2585 589 2632 Ed.
601 2586 662 2630 Ven.
676 2585 739 2646 apud
752 2587 830 2630 Burm.
843 2586 891 2630 Nec
908 2586 968 2630 Ven.
982 2597 1005 2631 et
1017 2586 1086 2631 Goth.
1100 2603 1136 2648 pr,

81 2679 115 2690 —-
127 2669 181 2721 279.
194 2654 270 2700 diruta
281 2655 346 2700 Rom.
360 2667 383 2701 et
395 2654 434 2706 alii
446 2656 507 2700 Pier.
521 2654 580 2700 alter
592 2656 674 2701 llamb.
688 2667 711 2701 et
722 2655 764 2700 Ed.
775 2653 886 2708 Mediol„
900 2670 948 2716 quo
959 2657 985 2699 in
996 2654 1057 2701 binis
1069 2672 1137 2718 epeo·

83 2738 133 2773 tat:
149 2727 249 2789 dirupta.
263 2728 321 2771 Turn
333 2736 366 2776 est
378 2729 402 2772 in
413 2727 460 2776 fine
472 2726 563 2790 aliquot
575 2728 655 2773 Heius.
669 2739 692 2771 et
703 2728 796 2781 linem„
812 2727 892 2787 sicque
905 2723 973 2769 Goth.
984 2739 1030 2772 sec.
1041 2749 1073 2760 —
1083 2727 1136 2772 280.

85 2796 196 2860 laetorque
208 2796 275 2842 Leid,
288 2793 390 2842 laborum
400 2796 438 2843 vel
449 2796 561 2842 malorum
570 2797 624 2842 eod.
635 2795 722 2840 Koeler.
731 2820 762 2830 —
773 2793 825 2839 281.
838 2796 945 2855 portorus
958 2804 1013 2838 vett.
1024 2794 1078 2839 edd.
1087 2811 1140 2840 rum

85 2869 159 2914 codd.
173 2867 302 2914 nonnullis.
312 2868 359 2913 Sed
370 2871 463 2917 monuit
471 2870 532 2918 Pier.
544 2870 570 2918 in
579 2869 645 2912 Rom.
658 2879 681 2912 et
693 2865 744 2912 aliie
755 2879 816 2919 esse,
829 2862 894 2928 quod
905 2861 1027 2912 delicatius
1034 2867 1075 2920 ait,
1084 2883 1140 2928 por-

84 2931 156 2995 ram}
170 2939 216 2985 hoc
226 2939 263 2985 edi
276 2951 376 3000 coeptum
389 2957 402 2986 a
414 2939 552 2986 Commeliu.
566 2941 603 2984 sie
614 2953 708 3000 quoque
719 2935 807 2980 Medic.
818 2946 841 2980 et
851 2934 930 2979 Heius.
941 2936 1051 2994 potiores.
1063 2952 1087 2998 p.
1096 2935 1139 2982 hue
1209 2981 1212 2990 ,

84 3015 225 3076 apporta-rtis
234 3011 302 3066 Leid,
313 3011 406 3060 desertis
416 3011 522 3058 Parrhas.
535 3027 579 3074 pro
589 3001 687 3072 defertur.
697 3033 728 3042 -
741 3005 794 3052 283.
805 3021 898 3050 manum
908 3005 1000 3066 Menag.
1011 3020 1046 3065 pr.
1056 3023 1078 3051 v.
1089 3022 1139 3073 sup.

85 3153 161 3206 unde
171 3171 254 3225 genus
263 3153 391 3206 ducebat:
401 3156 521 3225 inprimis
530 3171 590 3204 cum
637 3162 690 3200 tem
701 3149 867 3218 Garganum,
879 3145 989 3215 objectis
1002 3147 1137 3218 frequens,

85 3251 149 3303 sup.
169 3249 194 3282 v.
216 3233 268 3299 243
282 3233 380 3310 Argiva
393 3244 476 3285 castro
492 3249 591 3283 memo·
636 3247 708 3280 nune
717 3224 982 3297 Artenasappellant.
992 3244 1017 3275 v.
1029 3227 1137 3278 Excurs.

86 3324 184 3366 resset.
198 3313 284 3365 Etiam
302 3317 433 3366 Homerus
449 3313 545 3384 Odyss.
558 3331 591 3376 γ,
637 3307 696 3360 lad
711 3306 737 3357 h.
750 3306 857 3357 librum.
871 3335 906 3344 -—
917 3303 975 3375 275.
993 3308 1136 3377 speranda,

90 3393 236 3458 180,181‚
258 3393 303 3446 182
325 3393 439 3445 reditum
457 3392 491 3445 ad
507 3394 593 3463 Argos
638 3384 1140 3458 metuenda,uttoties,velsimploogi-

86 3475 188 3526 diserte
201 3485 340 3524 memorat.
353 3475 459 3525 Rectius
467 3472 590 3536 Ovidius,
637 3470 737 3519 tatione
754 3465 948 3537 precipiendo,
964 3468 1138 3537 expectanda.

87 3572 170 3624 quem
193 3551 249 3603 lieo
269 3567 329 3604 ante
354 3553 447 3605 oeulos
465 3551 592 3604 hahuisse
638 3567 697 3618 sup.
711 3544 1140 3619 AEn.lV,419lruncegosipotui

84 3635 144 3702 jam
160 3649 241 3702 supra
260 3635 426 3697 monuimus,
445 3631 514 3684 libro
533 3631 593 3681 XIV
641 3623 1139 3698 tantumsperaredolorem.-276.277.

86 3715 154 3765 Met.
174 3711 281 3782 47o,....
297 3713 392 3783 patriis
405 3712 449 3764 sed
464 3729 549 3763 rursus
562 3711 595 3761 ab
641 3708 779 3778 Ingeniosa
791 3704 848 3755 lraee
863 3705 969 3774 repetiit
982 3723 1013 3756 ex
1026 3705 1101 3757 lliad.
1115 3727 1140 3767 r,

87 3790 273 3864 Argirpellor.
585 3809 588 3816 ’
642 3786 693 3838 330
706 3803 764 3856 sqq.
774 3785 809 3835 cf.
821 3801 879 3854 sup.
892 3784 949 3834 AEn.
962 3784 1000 3849 X,
1013 3801 1053 3855 29.
1065 3783 1142 3836 Adde

126 3888 175 3940 ²7¹
181 3908 238 3922 ......
250 3873 311 3940 274.
336 3871 405 3921 Ares
427 3866 594 3934 Diomedeae,
640 3863 1139 3931 Ovid.XIVMet.477,478.—282.

89 3963 195 4002 certum
204 3951 293 4001 avium
304 3965 388 4021 genus
398 3950 425 3998 in
433 3945 525 3998 insulis
533 3947 596 3996 Dio·
642 3945 701 3996 283.
713 3942 854 4015 Congressi
862 3941 1005 4023 Diomedes
1013 3953 1039 3993 et
1046 3943 1142 3993 AEneas

89 4027 193 4086 rnedeis
206 4029 280 4080 litori
290 4027 408 4101 Apuliae,
419 4036 513 4079 contra
522 4043 596 4078 mon·
641 4022 733 4092 (nied,
747 4043 770 4087 r,
789 4023 841 4093 ²39
857 4040 915 4094 sqq.
935 4023 1006 4072 conf.
1026 4021 1086 4072 Not.
1108 4019 1144 4078 ad

165 4114 191 4184 4.
929 4106 959 4161 15
