2690 4596
230 277 292 368 s9s
590 269 859 337 excursus
880 271 910 334 v

230 413 344 455 tractata
364 399 449 450 nitere
470 395 534 448 satis
552 404 674 466 possunt.
692 393 823 446 omittere
842 393 890 446 illa
907 393 1068 448 tutissimurn
1089 409 1152 464 est,
1174 412 1241 467 ant,
1258 404 1278 452 si

231 482 319 534 omitti
337 487 490 548 nequeunt,
509 471 561 526 levi
583 491 664 524 manu
681 485 813 538 tractare,
834 486 881 524 aut
900 477 1063 527 ornamentis
1082 495 1218 545 onerare,
1237 494 1279 532 aut

231 575 392 632 quacunque
403 555 457 608 alla
471 555 515 608 ria
527 551 647 606 oblinere
662 550 709 604 illa
723 564 751 604 et
768 552 920 604 obscurare,
936 553 980 604 Ad
991 549 1185 629 poet-citaque
1199 571 1282 610 artem

233 651 336 712 spectat
347 637 400 688 hoc
411 633 454 686 rel
466 634 593 696 maxime,
606 645 652 696 ut,
667 649 725 702 qua
737 645 888 684 narrantem
901 651 930 684 se
940 647 1079 705 premant,
1091 655 1124 688 ex
1137 637 1282 708 adspectu,

232 735 328 782 sensu,
343 729 369 768 et
381 713 509 765 memoria
519 711 667 782 legentium
679 723 815 762 removeat
827 710 974 782 seduloque
988 727 1081 778 curet,
1097 733 1132 767 ne
1147 713 1193 782 id,
1210 716 1283 787 quod

234 794 382 869 argumenti
391 793 418 844 in
431 788 567 842 nonnullis
580 791 649 841 forte
662 788 812 840 vacillantis
824 800 921 840 natura
932 804 959 842 et
971 794 1056 858 ratio,
1070 807 1117 845 aut
1131 807 1284 866 temporum

233 891 375 944 rerumque
389 870 532 933 memoria,
545 869 657 938 ipsaque
668 867 841 919 historiarum
853 870 968 936 veritas,
979 888 1076 939 parum
1089 873 1230 926 commodi
1239 874 1284 925 ha-

233 957 296 1020 bet,
308 969 414 1004 sensum
426 948 537 1020 legentis
550 958 659 1017 repente
671 947 750 998 feriat
762 959 789 998 et
800 946 968 1018 voluptatem
984 950 1156 1020 interpellet,
1172 970 1230 1022 qua
1242 952 1285 1003 de·

233 1036 324 1088 linitus
337 1028 403 1082 nihil
415 1039 506 1088 curat,
519 1025 585 1076 nihil
597 1024 632 1077 ad
646 1025 819 1097 sepertinere
831 1038 924 1096 putat,
934 1026 1008 1096 qnod
1017 1041 1092 1078 extra
1101 1047 1160 1080 rem
1170 1048 1285 1100 prasen-

235 1129 288 1168 tem
300 1103 416 1184 positum
428 1119 475 1158 est.
486 1105 575 1158 Facile
584 1104 612 1156 id
620 1116 701 1175 poeta
713 1117 890 1176 consequetur
903 1105 937 1158 ab
949 1125 995 1172 eo,
1006 1109 1054 1178 qui
1064 1109 1188 1178 ipsarum
1196 1128 1286 1162 rerum

235 1187 467 1268 phantasmatibus
480 1201 637 1258 percussum
648 1186 766 1236 animum
777 1184 876 1248 habet;
893 1185 1028 1238 difficilius
1041 1186 1076 1239 ab
1092 1187 1159 1255 illo,
1176 1191 1225 1260 qui
1243 1203 1286 1241 ant

236 1289 334 1329 natura
345 1273 432 1323 minus
445 1286 533 1320 acrem
546 1285 635 1318 rerum
647 1283 770 1332 sensum,
783 1279 830 1318 aut
842 1279 933 1334 atate,
946 1269 1031 1333 curis,
1044 1286 1135 1320 rerum
1146 1288 1198 1322 usn
1210 1287 1286 1322 exer-

236 1361 318 1412 citum
330 1353 449 1405 animum
460 1346 495 1400 ad
507 1359 615 1418 poetam
630 1345 772 1418 legendum
785 1347 882 1412 affert,
897 1345 1036 1416 adeoque,
1050 1347 1117 1400 dnm
1132 1352 1286 1404 remissiore

235 1448 277 1490 est
291 1435 397 1496 animo,
412 1427 448 1479 ad
463 1423 702 1478 animadvertenda
714 1444 763 1492 aa,
782 1442 840 1496 qna
859 1425 977 1478 sedatius
994 1423 1126 1495 judicium
1142 1445 1287 1502 suggerere

234 1526 343 1589 potest,
355 1510 439 1580 magis
452 1519 491 1558 est
503 1507 677 1576 compositus.

271 1595 310 1646 Ex
323 1591 365 1644 bis
379 1586 468 1640 adhuc
482 1584 560 1637 dictis
572 1585 612 1655 (ι)
627 1584 739 1656 intelligi
756 1584 890 1649 arbitror,
904 1586 943 1638 uti
956 1602 1049 1638 sensus
1064 1587 1166 1657 cuique
1180 1605 1246 1639 suus
1261 1590 1285 1639 in

235 1674 279 1728 his
291 1665 482 1740 relinquendus
492 1677 545 1731 est,
558 1667 596 1717 ita
605 1667 633 1716 in
643 1663 878 1735 reprehensionem
887 1676 995 1737 poetam
1006 1685 1070 1718 vere
1088 1669 1116 1718 in
1129 1664 1174 1718 his
1184 1679 1286 1718 tantum

236 1757 389 1815 incurrere,
409 1765 467 1819 qua
481 1763 577 1817 parum
593 1743 687 1796 scdulo
704 1746 774 1797 cavit
790 1763 823 1798 ne
839 1747 926 1817 primo
942 1745 1055 1818 legentis
1071 1747 1182 1799 obtutui
1198 1750 1287 1799 statim

236 1841 418 1888 occurrerent.
428 1827 529 1880 Contra
539 1844 587 1891 ea,
600 1843 659 1897 quar
670 1825 810 1878 subtiliore
820 1826 921 1896 judicio
932 1839 958 1878 et
968 1829 1132 1899 cogitatione
1145 1828 1288 1880 intentiore

239 1915 346 1978 elicias,
359 1915 537 1965 incensurum
550 1909 641 1959 venire
653 1926 708 1958 non
719 1919 851 1977 possunt,
863 1908 915 1958 nisi
925 1919 1011 1959 totum
1024 1907 1078 1959 hoc
1092 1925 1179 1980 geum
1191 1910 1290 1979 ipsam·

238 2015 291 2068 que
301 1992 412 2047 iliadem
424 2003 451 2042 et
461 1987 607 2060 Odyssean
617 2005 677 2038 curn
687 1985 798 2038 AEncide
809 1985 940 2038 sublatam
952 2002 1011 2039 esse
1022 1986 1097 2040 velis.
1106 1987 1197 2054 Quam
1206 1986 1289 2038 multa

240 2077 311 2130 euim
323 2085 401 2138 sunt,
414 2088 472 2141 quse
485 2067 640 2140 scrupulum
655 2068 771 2134 faciant,
784 2068 806 2118 si
817 2066 852 2119 de
866 2066 1014 2138 Penelopes
1026 2078 1104 2119 etate
1120 2067 1173 2118 snb
1190 2067 1288 2138 Ulyssir

239 2155 356 2209 reditum
367 2164 414 2205 aut
422 2150 456 2202 de
467 2148 629 2202 Telemacho
639 2149 771 2200 curiosius
782 2165 894 2218 quares.
905 2147 1091 2200 multominus
1101 2147 1212 2200 ferendi
1221 2160 1288 2211 sunt,

240 2238 287 2307 qui
297 2234 372 2286 nullo
387 2232 505 2304 poetices
518 2246 596 2281 sensu
609 2229 704 2280 imbuti
716 2227 752 2282 ad
761 2227 915 2280 dialecticas
925 2230 1042 2280 rationes
1053 2241 1100 2282 aut
1112 2228 1149 2283 ad
1157 2228 1288 2279 historice

239 2317 343 2368 critices
356 2327 473 2363 canones
487 2311 591 2379 epicum
605 2309 700 2379 poesin
712 2310 837 2380 exigunt,
852 2319 898 2360 aut
909 2309 1091 2378 grammaticis
1103 2309 1226 2359 minutiis
1240 2309 1287 2358 im·

239 2394 323 2468 pediti
335 2391 532 2444 calumniantur
544 2401 654 2459 poetas,
671 2391 717 2460 qui
731 2401 822 2441 tamen
833 2405 903 2454 non,
917 2389 969 2439 nisi
983 2407 1017 2440 eo
1028 2390 1129 2460 ingenii
1146 2401 1288 2452 contactu,

241 2491 326 2546 eoque
340 2488 435 2535 sensu,
448 2487 501 2540 quo
511 2471 563 2539 ipsi
575 2470 723 2539 scripsere,
734 2469 840 2540 legendi
850 2479 920 2520 sunt.
933 2470 972 2520 Ex
983 2487 1017 2521 eo
1029 2487 1128 2540 genere
1137 2470 1216 2522 fuere
1226 2469 1289 2521 Zoili

241 2567 334 2625 totque
346 2548 589 2620 Homeromastiges
599 2559 626 2600 et
635 2547 875 2620 Virgiliomastiqea
886 2567 893 2608 ;
906 2549 934 2598 in
946 2545 999 2600 hoc
1009 2567 1122 2600 numero
1134 2567 1224 2619 nuper
1237 2551 1291 2600 Bri·

241 2651 339 2690 tannus
352 2632 465 2703 aliquis,
478 2631 524 2700 qui
537 2629 587 2680 sibi
597 2628 675 2680 valde
688 2628 781 2681 doctus
793 2629 934 2681 videbatur
945 2627 1067 2698 (Heron’s
1079 2627 1167 2682 letters
1181 2630 1218 2700 of
1224 2629 1291 2680 litte·

241 2727 337 2768 ταωνι,
351 2714 411 2764 Liu.
425 2710 482 2780 23).
495 2710 526 2759 In
539 2707 705 2760 dramatibus
714 2710 771 2777 jam
783 2710 853 2759 iuter
863 2719 972 2778 poetam
984 2719 1011 2759 et
1023 2719 1203 2780 spectatorem
1213 2708 1290 2760 facile

241 2801 269 2851 in
281 2796 311 2850 id
322 2805 482 2848 conventum
491 2803 548 2854 est,
560 2805 617 2842 esse
629 2787 777 2854 nonnulla,
792 2805 867 2858 qne,
881 2790 930 2840 etsi
943 2805 958 2838 a
970 2798 1067 2839 natura
1079 2807 1171 2839 rerum
1184 2787 1290 2848 aliena,

241 2880 269 2930 in
282 2891 362 2928 scena
372 2871 448 2923 aliter
460 2885 518 2919 esse
531 2879 679 2938 nequeant,
695 2868 727 2917 iis
738 2867 819 2938 igitur
827 2883 877 2937 pro
888 2868 1022 2918 concessis
1035 2868 1075 2917 uti
1083 2877 1203 2937 poetam.

276 2958 370 3024 ltaque
381 2967 426 3012 ea,
440 2964 498 3018 quse
510 2946 630 2998 adversus
642 2957 790 3016 temporum
803 2945 931 2996 rationem
942 2945 971 2995 iu
983 2945 1094 2997 AEneitle
1107 2946 1212 2998 moneri
1226 2963 1291 3016 pos·

244 3048 321 3101 suut,
334 3033 384 3085 etsi
395 3047 429 3082 ne
441 3026 626 3080 defensionem
639 3024 747 3096 quidem
759 3023 833 3077 illam
845 3025 1033 3091 admitterent,
1047 3043 1128 3097 quam
1140 3026 1205 3078 Exc.
1223 3028 1249 3076 Π
1261 3025 1293 3077 ad

156 3138 160 3148 ·
243 3117 289 3169 lib.
304 3114 355 3177 ΙΙΙ,
372 3122 398 3163 et
410 3109 472 3159 Exc.
485 3108 521 3157 111
535 3105 569 3158 ad
582 3105 628 3157 lib.
645 3104 694 3156 Xll
707 3103 848 3169 dedimus,
862 3117 1021 3156 nontamen
1035 3104 1071 3157 ad
1082 3115 1170 3175 poeta
1185 3104 1293 3156 laudem

245 3191 416 3248 evertendam
426 3189 479 3239 vim
491 3185 591 3240 habere
606 3185 769 3256 putabimus.
787 3183 854 3236 Sunt
870 3184 915 3250 Ιξυ
930 3185 974 3237 τοῦ
985 3181 1160 3250 nodedum,
1175 3181 1211 3249 pri
1225 3186 1248 3238 ir
1263 3177 1294 3252 rei

244 3276 356 3344 ἐρήμου.
376 3270 423 3321 Est
441 3270 468 3318 in
484 3266 526 3318 his
543 3263 625 3329 iilud,
645 3263 718 3334 quod
737 3282 823 3335 nuper
841 3265 868 3315 iu
886 3276 1003 3316 mentem
1022 3264 1149 3316 veniebat
1169 3285 1176 3313 ι
1193 3265 1294 3316 scilicet

244 3351 400 3405 Evandrum
418 3346 473 3398 adit
491 3346 605 3408 AEneas,
627 3345 702 3413 atqui
722 3341 793 3395 idem
814 3359 841 3395 se
860 3342 1002 3394 Herculem
1022 3345 1160 3414 excepisse
1175 3341 1291 3413 hospitio

245 3443 354 3493 narrat,
367 3428 413 3497 qui
425 3425 529 3495 aliquot
540 3423 661 3475 aetatibus
674 3436 735 3474 ante
747 3422 847 3474 bellum
859 3423 1005 3492 Trojanum
1018 3425 1128 3476 vixerat.
1141 3425 1247 3475 Verum
1258 3423 1294 3474 lo-

245 3528 307 3561 cum
323 3508 367 3558 hio
382 3505 494 3557 haberet
509 3502 582 3574 quod
599 3501 671 3572 apud
687 3500 831 3554 Pindarum
848 3515 904 3554 est:
918 3500 994 3566 uncie
1011 3500 1067 3572 erip
1081 3523 1132 3564 ru,
1153 3501 1177 3559 ir
1189 3501 1296 3572 ‘Epami

247 3584 325 3651 eripe
338 3583 370 3650 pi
382 3581 541 3653 repedaturi.
554 3582 647 3655 (Pyth.
660 3583 713 3647 IX,
730 3582 804 3654 151.)

282 3663 362 3716 Aliud
374 3677 429 3728 est,
440 3666 469 3714 in
481 3682 535 3734 quo
547 3675 630 3735 poeta
640 3665 681 3714 sui
693 3662 792 3714 oblitus
804 3662 888 3715 videri
899 3674 1020 3732 poterat,
1034 3661 1111 3733 quod
1121 3662 1238 3716 deorum
1247 3682 1294 3716 mo·

249 3748 305 3798 nita
317 3744 351 3794 de
361 3742 484 3794 adeunda
494 3763 510 3795 a
520 3745 643 3814 Trojanis
655 3743 732 3795 ltalia
742 3743 823 3794 modo
833 3742 940 3806 clarius,
951 3743 1034 3794 modo
1045 3744 1207 3810 obscurius,
1221 3763 1294 3816 quem

248 3841 297 3895 par
306 3831 377 3882 erat,
385 3822 518 3890 apposuit.
529 3822 571 3872 ΔΙ)
580 3819 779 3874 obscurioribus
792 3823 898 3874 monitis
909 3827 1018 3874 exorsus
1027 3836 1102 3885 erat;
1117 3821 1204 3895 idque
1217 3837 1294 3884 recte3

1327 759 1329 814 Ι

1328 821 1329 894 Ι

250 4005 252 4010 ’
279 3989 964 4054 (1)nucemrequorinhurerettuutelem‹te-posuer.
1014 4019 1017 4024 ι
