2724 4600
290 377 298 404 ,
349 329 354 356 ’-
386 322 620 388 AENEIDOS
644 325 797 390 LIBER
818 329 858 393 X.
1081 358 1139 423 127

95 445 280 525 Funditur,
294 460 327 509 et
337 463 446 512 vastos
458 447 560 512 umho
571 449 676 544 vomit
686 473 803 516 aureus
816 454 907 541 ignes
920 479 926 516 2

93 553 176 616 Non
188 574 297 631 sectae,
310 574 348 618 ac
360 551 486 641 liquida
497 554 524 618 si
537 553 670 642 quando
682 573 779 621 nocte
791 576 927 636 cometae

94 656 277 745 Sanguinei
288 657 429 745 lugubre
440 657 574 739 rubent,
588 678 645 725 aut
655 661 756 726 Sirius
767 662 880 744 ardor,

96 762 162 826 llle
175 765 262 827 sitim
273 764 475 853 morbosque
488 765 597 830 ferens
609 767 801 834 mortalibus
813 770 905 857 aegris

93 868 264 948 Nascitur,
279 885 311 933 et
322 869 405 935 laevo
417 871 588 934 contristat
598 870 723 936 lumine
736 872 863 938 caelum.

143 973 242 1038 Haud
254 991 365 1040 tamen
376 974 492 1040 audaci
505 978 619 1040 Turno
632 975 752 1042 fiducia
764 981 861 1044 cessit

94 1077 212 1142 Litora
222 1080 416 1168 praecipere,
431 1096 463 1144 et
474 1081 636 1145 venientis
648 1081 771 1169 pellere
784 1101 880 1148 terra.
943 1089 945 1094 ’

2 1268 3 1271 ¹
94 1182 109 1206 *
122 1182 220 1247 Ultro
233 1186 360 1250 animos
373 1185 459 1249 tollit
470 1185 579 1267 dictis,
595 1202 695 1276 atque
707 1188 853 1277 increpat
865 1190 962 1257 ultro.
975 1190 990 1218 ¹‘

100 1319 114 1346 a
126 1288 226 1370 Quod
237 1291 322 1356 votis
335 1291 483 1377 optastis,
496 1291 602 1372 adest,
615 1293 819 1382 perfringere
831 1294 962 1373 dextra,

3 1409 4 1412 ’
93 1396 135 1458 ln
149 1395 693 1485 manibusMarsipse,viri:nunc
705 1399 853 1488 conjugis
866 1418 936 1466 esto
1093 1416 1137 1464 ito

93 1535 155 1593 vn,
173 1536 226 1598 689.
245 1537 337 1584 Tertius
353 1552 420 1584 casus
438 1537 506 1584 docte
524 1554 580 1601 pro,
600 1541 625 1586 in
644 1543 728 1602 capite.
742 1543 855 1605 tristisque
877 1541 979 1588 Faemue
1001 1543 1139 1591 emendabat

94 1607 161 1670 apud
172 1609 249 1654 Ursin.
262 1621 286 1655 et
296 1607 481 1671 Cuninghamut,
492 1612 572 1673 sicque
583 1611 630 1656 Eri.
643 1610 700 1673 legit
711 1627 725 1656 a
736 1615 817 1658 vertice
828 1613 951 1659 damnabat
963 1615 1036 1672 Pien,
1049 1617 1090 1662 sed
1101 1633 1140 1662 re-

94 1682 190 1726 vocarit
200 1681 279 1727 lleine.
293 1681 401 1732 eMedic.
417 1693 439 1727 et
448 1681 511 1737 aliis,
526 1693 549 1727 et
561 1697 589 1727 ex
600 1683 677 1728 Nonio
691 1699 717 1729 ac
728 1683 855 1729 Macrobio.
869 1683 913 1730 Alii
925 1701 1025 1749 cumque
1037 1688 1065 1733 iis
1077 1687 1140 1733 idem

91 1751 143 1796 Eri.
156 1755 273 1815 castoque
285 1767 311 1798 ac
322 1755 404 1797 vertrae
415 1752 475 1799 duce
492 1751 563 1813 hujus
574 1751 667 1800 familiae
678 1753 794 1810 Romano,
813 1755 877 1818 quod
888 1756 997 1818 equidem
1009 1759 1138 1819 pracerum.

4 1842 8 1861 ·
90 1823 219 1886 peucetiam
236 1820 357 1867 nonnullis
374 1820 450 1878 abest,
463 1836 507 1868 nec
518 1821 586 1867 male.
599 1849 630 1858 -
642 1838 695 1884 ²7¹·
714 1833 824 1871 aevasms
836 1825 905 1870 Goth.
918 1841 964 1871 sec.
982 1826 1048 1872 ambo
1066 1843 1138 1874 areas

4 1926 5 1930 η
93 1908 152 1938 cum
169 1891 272 1938 Macrob.
285 1893 315 1949 V,
338 1891 364 1937 13
382 1891 472 1956 aliquot
489 1893 550 1938 Pier.
570 1909 622 1938 cum
635 1893 723 1939 Medic.
735 1893 801 1939 Leid.
815 1907 892 1956 etpro
904 1895 950 1942 div.
963 1895 1016 1941 lect.
1028 1898 1138 1944 Rottend.

93 1975 164 2019 tert,
183 1975 308 2025 unumque
317 1973 388 2008 recte.
408 1963 470 2008 conf.
483 1961 525 2007 inf.
538 1961 596 2019 884,
610 1962 652 2008 sed
663 1978 745 2009 aureus
756 1967 847 2026 poetica
859 1968 964 2011 oratione
976 1965 1076 2026 dignius.
1089 1984 1140 2014 mo-

93 2045 135 2081 vet
144 2052 168 2082 a.
179 2033 294 2082 Montalb.
306 2060 338 2070 -
352 2035 403 2097 275.
415 2035 548 2099 Sanguinem
559 2033 627 2080 multi
639 2034 702 2096 apud
708 2037 804 2092 'Burm.,
817 2048 841 2080 et
852 2035 900 2080 duo
911 2051 938 2081 ae
950 2037 1035 2096 Syrius.
1049 2039 1088 2083 Est
1099 2054 1142 2084 au-

92 2120 143 2154 tem
155 2107 228 2154 Sirius
239 2107 359 2170 adjective
369 2106 462 2162 memte,
480 2103 561 2170 Σοίριος
578 2103 648 2167 arip,
661 2106 725 2151 unde
734 2105 758 2151 h.
772 2105 788 2151 l.
801 2107 871 2152 Sirius
882 2108 957 2154 ardor.
970 2109 1056 2155 Vocem
1068 2126 1140 2172 pere-

92 2182 168 2241 grinae
184 2195 234 2226 esse
249 2180 356 2242 originis,
378 2178 485 2224 dubitare
502 2192 551 2223 non
567 2176 684 2224 debebant
695 2189 786 2224 veteres
801 2181 950 2240 grammatici.
965 2180 1096 2227 Wakefield
1107 2184 1140 2228 ita

7 2277 8 2293 2
92 2253 241 2314 interpunxit
252 2268 257 2298 t
269 2260 310 2296 aut
321 2251 392 2296 Sirius
403 2249 472 2297 ardor
481 2248 536 2306 Ille,
548 2253 607 2296 sitim
618 2249 750 2314 morbosque
756 2251 837 2314 ferens
846 2250 976 2298 mortalibus
988 2256 1063 2318 apris,
1075 2255 1139 2300 Nas-

92 2327 168 2379 citur,
182 2323 297 2370 et-Erit
306 2323 366 2369 adeo
375 2325 517 2385 comparatio
532 2321 581 2368 baec
593 2339 598 2368 :
614 2321 680 2369 ambo
690 2326 758 2368 vomit
770 2326 842 2388 ignes,
853 2339 898 2370 aon
907 2340 970 2370 tecue
981 2341 1008 2370 ac
1020 2327 1090 2371 Sirius
1099 2341 1141 2371 ar-

93 2394 137 2440 dor
154 2392 192 2439 ille
207 2397 314 2440 nascitur.
330 2409 382 2458 quae
399 2395 478 2439 neseio
499 2409 529 2438 an
542 2393 603 2439 bene
615 2393 851 2456 procedant-275.
866 2393 927 2442 lavo.
943 2395 1103 2442 Schraderus:
1121 2395 1138 2441 l.

92 2479 160 2510 saevo.
179 2467 311 2509 circumstat
329 2463 343 2508 l.
362 2479 382 2508 c.
400 2462 468 2509 Goth.
486 2475 539 2509 tert.
558 2489 590 2498 -
608 2463 659 2526 276.
677 2464 750 2509 Haud
765 2473 817 2509 tunc
832 2465 879 2509 Eri.
891 2489 922 2500 -
936 2481 987 2528 ²77·
1006 2469 1138 2529 praemere,

93 2535 174 2582 licius.
193 2553 207 2582 e
225 2538 286 2582 Pier.
306 2547 330 2582 et
347 2537 394 2582 suis
406 2547 458 2598 post
469 2535 511 2580 Ge.
524 2535 614 2581 Fabric.
620 2553 627 2591 3
645 2534 735 2598 vulgg.‚
752 2537 821 2581 etiam
833 2538 910 2593 Sera,
927 2541 1060 2601 praeripere,
1075 2537 1139 2601 quod

93 2609 163 2652 toties
180 2607 206 2651 in
225 2607 276 2668 ejus
294 2603 373 2651 locum
390 2606 506 2651 succeseit.
524 2605 561 2649 Ait
576 2606 716 2660 Bormam,
735 2604 817 2651 melius
831 2605 877 2652 boc
893 2609 1018 2653 convenire
1037 2607 1139 2652 audaciae

92 2675 175 2722 Turni.
185 2675 233 2723 Sed
243 2687 311 2738 poeta
321 2675 412 2722 doctius
421 2674 679 2738 vocabulumamplecti
694 2675 793 2731 mavult,
812 2677 876 2739 quod
888 2677 985 2723 eandem
998 2679 1043 2724 vim
1055 2676 1139 2732 babet,

8 2764 13 2784 ι
94 2760 148 2793 ante
161 2763 258 2810 capere,
270 2755 393 2809 occupare.
405 2772 437 2782 —
449 2747 501 2809 ²7⁸·
514 2747 584 2792 Abest
596 2745 634 2791 bic
644 2762 724 2793 versus
733 2747 841 2794 Mediceo
853 2759 877 2794 et
888 2747 1042 2802 aliis'lleins.,
1052 2749 1077 2792 in
1086 2745 1138 2792 aliie

94 2819 210 2880 superiori
221 2819 378 2879 praeponitur,
389 2829 416 2862 ut
425 2820 479 2863 satie
488 2827 578 2863 constet
588 2832 637 2862 esse
647 2816 694 2862 buc
703 2828 827 2862 retractum
838 2833 866 2863 er
878 2833 929 2880 sup.
941 2819 984 2872 lX,
999 2831 1050 2878 ¹²7·
1062 2817 1139 2861 Omis-

92 2903 132 2935 ἰιι
141 2903 205 2935 nunc
214 2890 240 2934 in
251 2889 288 2935 ed.
299 2890 374 2934 Parin.
385 2913 417 2924 —-
429 2903 481 2948 ²79·
495 2888 556 2946 Quos
567 2905 589 2932 v.
603 2887 708 2933 Perrhae.
720 2891 802 2950 optatis
812 2887 902 2952 aliquot
917 2887 980 2951 apud
991 2890 1069 2932 Brum.
1084 2902 1137 2949 per-

92 2963 201 3022 stringere
212 2975 249 3021 pr.
263 2959 344 3003 llamb.
355 2975 398 3020 pro
409 2975 457 3005 var.
468 2959 522 3004 lect.
534 2958 658 3021 pcrfiuqere
669 2957 767 3004 Dorvill.
776 2958 905 3022 perfringite
913 2956 1017 3003 Parrbas.
1025 2960 1137 3019 perstriu-

89 3033 135 3094 qt'te
146 3029 189 3076 lid.
202 3030 262 3076 Ven.
278 3029 356 3075 Burm.
368 3029 414 3076 Sed
426 3030 513 3076 dictum
530 3042 557 3075 ut
572 3034 643 3076 aciem
653 3032 813 3093 perrumpere,
828 3043 987 3091 perrumpere.
999 3052 1031 3063 -·
1043 3028 1095 3073 280.
1108 3030 1137 3072 Iu

92 3100 197 3147 mattas
209 3103 274 3146 Mars
287 3104 332 3164 ipse
343 3104 397 3147 viris
410 3101 466 3147 olim
478 3101 580 3157 editum,
592 3115 615 3148 et
625 3104 658 3147 sic
670 3099 791 3146 Mediceue
802 3116 855 3145 cum
867 3098 930 3156 aliis,
944 3101 1005 3144 inter
1015 3113 1074 3161 quos
1090 3111 1136 3146 tres

91 3238 182 3288 ἐπες
197 3223 319 3296 designat
334 3237 423 3278 temen
440 3237 522 3276 totam
536 3243 593 3276 om·
631 3222 712 3294 felix.
736 3223 874 3276 couuistat
895 3220 990 3275 caelum
1002 3260 1012 3287 ,
1040 3241 1135 3296 magna

92 3307 158 3355 nino
170 3304 275 3375 galeam
286 3321 337 3357 rere
353 3317 592 3357 coruscantem-
636 3323 697 3356 cum
711 3303 918 3376 vipro,fulget.
1155 3313 1158 3318 “

94 3400 157 3454 ²7²·
178 3381 282 3455 liquida
300 3394 395 3435 nucu.-
412 3382 538 3437 unuslate
557 3383 592 3436 ab
673 3385 725 3454 276
733 3402 791 3455 sqq.
802 3384 885 3435 Turni
895 3395 921 3436 et
932 3385 1034 3436 animus
1043 3395 1069 3437 et
1079 3403 1137 3439 ora·

93 3481 154 3516 aere
170 3463 293 3534 liquido,
310 3481 360 3535 pro
383 3463 464 3516 clera.
481 3493 516 3503 —·
532 3464 592 3532 274.
637 3465 675 3515 tio
688 3465 770 3537 digna
780 3462 871 3515 beroe.
889 3461 966 3515 litam
975 3464 1117 3536 praecipere
1126 3503 1135 3531 ,

33 3553 38 3559 “
92 3540 145 3594 lue
158 3541 289 3607 meritur,
308 3544 392 3594 oritur
404 3541 507 3613 fereae,
523 3543 550 3594 h.
568 3562 591 3596 e,
634 3557 1138 3617 antecapere,occupare.-279.per·

92 3619 137 3673 ille
156 3633 219 3673 ortu
237 3639 286 3674 suo
304 3621 373 3692 fert,
393 3622 464 3674 sitim
481 3622 594 3674 morbos·
633 3624 769 3699 fringere,
782 3643 862 3698 greve
878 3625 1003 3690 verbum,
1015 3643 1135 3698 pugnare

93 3721 146 3773 que
153 3741 163 3768 ,
174 3704 287 3754 nimium
295 3715 386 3754 aettttm
396 3715 423 3754 et
433 3702 531 3754 febres.
540 3701 595 3753 Ad·
638 3707 773 3771 cominus,
790 3723 871 3775 quum
882 3703 973 3776 ,adhuc
988 3717 1075 3757 castra
1087 3726 1136 3778 op·

91 3783 163 3850 jecta
178 3780 235 3834 haee
250 3777 287 3834 ad
301 3781 482 3835 exornandam
498 3793 525 3832 et
541 3799 595 3832 am·
635 3796 815 3857 pugnassent:
829 3783 937 3836 ductum
955 3783 988 3836 ab
1001 3801 1047 3850 eo,
1062 3787 1135 3856 quod

93 3859 267 3931 plilicantlam
292 3861 539 3932 comparationem,
562 3877 594 3911 ex
636 3863 800 3935 perfringere
818 3863 903 3914 aciem
915 3900 924 3927 ,
944 3881 1135 3934 perrumpere,

95 3940 466 4013 norepoeteadexemplum
474 3941 592 3992 Homeri.
637 3955 786 4014 pugnantes
796 3942 1028 3995 dicuntum-280.
1037 3944 1071 3995 In
1080 3963 1136 3994 ma·

2 4037 3 4086 ζ
95 4018 593 4092 —275.loevolttmiae.noxio,utia·
638 4023 715 4075 nibus
728 4021 802 4078 Mure
815 4025 875 4094 ipse.
889 4024 966 4076 Nunc
980 4040 1022 4075 ret
1035 4021 1069 4076 arl
1082 4021 1134 4076 dis·
