2690 4596
249 307 313 388 446
577 307 789 372 MAPHAEI
812 307 960 374 VEGII

246 429 361 510 Laxet,
375 441 408 494 et
420 444 533 496 aurato
545 430 662 496 oaelum
675 431 851 521 splendore
861 427 1009 514 serenet,

246 537 373 600 Laetitia
387 535 566 614 exundant,
581 556 613 601 et
625 559 696 602 sese
709 537 884 602 hortantur
895 555 1059 627 agrestes:

152 639 155 644 ’
245 645 320 706 Non
332 665 426 708 secus
438 644 575 708 Ausonii
587 661 654 708 tam
665 644 741 709 laeto
754 645 788 706 in
801 659 951 733 tempore
963 668 1079 710 rerum
1127 635 1132 643 ¹

246 749 470 836 Composuere
482 750 624 830 auim0s3
639 768 671 814 et
679 751 749 840 jam
761 772 817 814 rex
828 751 893 815 alta
906 751 1044 816 Latinus

245 857 348 934 Atria,
362 857 554 946 regalesque
565 856 674 921 aditus
687 857 834 935 intrarat,
849 873 882 920 et
893 876 959 922 uua

245 961 398 1048 Optimus
411 965 541 1039 AEneas‚
555 959 705 1050 sequitur
716 956 818 1050 quem
828 957 969 1049 pulcher
981 960 1091 1042 Iulus}

244 1068 374 1133 Dehinc
388 1067 473 1147 Itali,
487 1069 641 1157 mistique
655 1068 817 1158 Phryges:
830 1085 902 1131 tum
915 1065 1192 1156 splendidalaeto
1212 1109 1216 1114 ·

244 1174 428 1262 Applausu‚
444 1190 477 1237 et
488 1197 606 1261 magno
617 1174 805 1260 completur
816 1173 904 1260 regia
916 1190 1016 1237 coetu.

245 1280 326 1344 Haec
339 1280 439 1359 inter,
452 1297 593 1344 matrum
607 1281 779 1344 innumera
791 1303 1005 1368 nuruumque
1018 1295 1159 1346 caterva

245 1388 284 1448 In
297 1386 445 1454 medium
458 1387 610 1452 comitata
623 1386 713 1450 venit
726 1386 859 1450 Lavinia
873 1387 965 1474 virgo
1005 1440 1010 1447 .

245 1489 397 1556 Sidereos
411 1490 537 1579 dejecta
550 1493 682 1556 oculos:
697 1513 795 1580 quarn
807 1493 930 1556 Troius
941 1491 1042 1556 heros

245 1600 376 1662 Virtute
388 1615 421 1662 et
433 1600 539 1663 forma
551 1599 897 1688 ingentemsrnirabile
911 1600 1017 1679 dictu,

247 1705 292 1768 Ut
304 1704 401 1785 vidit,
414 1706 521 1793 primo
533 1722 669 1794 aspectu
681 1708 887 1795 stupefactus
898 1705 1045 1787 inhaesit;
1258 1723 1296 1787 47⁰

245 1883 352 1956 quando
370 1883 468 1935 detinet
482 1883 576 1950 imber,
590 1898 639 1936 etc.
651 1915 685 1923 -
695 1885 755 1950 461.
766 1887 855 1950 etjam
866 1903 910 1936 rex
919 1883 974 1937 alta
985 1885 1102 1938 Latinus
1115 1887 1205 1938 Atria.
1218 1888 1295 1940 Malus
1327 1891 1328 1946 l

246 1978 315 2016 esset
327 1983 434 2030 versus,
447 1967 497 2015 nisi
507 1979 623 2036 ponatur
635 1967 805 2034 conjunctio,
818 1977 856 2034 et,
870 1984 948 2036 quarn
962 1965 1082 2016 ablatam
1096 1969 1259 2019 invenimus.
1269 1972 1294 2020 A.

245 2046 311 2113 Quae
327 2045 434 2115 quidem
447 2047 505 2097 laus
520 2065 574 2096 non
589 2045 668 2097 facile
681 2046 868 2117 intelligenda;
881 2065 947 2096 nam
965 2045 1138 2098 claudicaret
1156 2067 1266 2112 versus,
1278 2051 1295 2100 si

245 2127 400 2194 conjunctio
418 2127 576 2178 auferretur.
591 2155 627 2164 -
644 2127 748 2192 ‹liin-et
761 2145 815 2176 uno
834 2127 953 2197 Optimus
969 2127 1079 2177 AEneas.
1094 2129 1174 2192 Una,
1186 2131 1295 2199 peniter,

246 2206 395 2272 conjunctis
408 2205 508 2256 scilicet
521 2206 659 2270 manibus,
676 2207 714 2256 ita
726 2220 755 2256 ut
767 2218 862 2258 uenter
874 2205 988 2257 alterum
1003 2206 1190 2276 precedereu
1208 2209 1295 2261 dehine

246 2285 310 2352 quia
326 2285 413 2333 Latini
432 2285 637 2335 comitabantur.
658 2284 689 2336 A.
710 2287 784 2336 Hane
802 2303 930 2336 munuum
949 2286 1192 2354 conjunctionem,
1216 2307 1294 2358 neque

243 2362 328 2413 verba
340 2382 426 2432 neque
439 2382 531 2414 sensus
544 2364 678 2416 indicant:
691 2385 747 2416 non
758 2365 819 2430 hio,
832 2379 861 2418 ut
874 2366 998 2435 inprime
1009 2365 1111 2436 Georg.
1123 2369 1192 2434 346,
1208 2368 1295 2420 Clonus

245 2454 273 2494 et
284 2453 388 2493 ovantes
398 2442 462 2494 socii
470 2444 544 2494 Dant
555 2455 641 2496 motus
653 2445 835 2517 incompositos
846 2457 872 2496 et
881 2445 1003 2496 carmine
1017 2446 1122 2496 dieunt.
1137 2449 1179 2499 De
1191 2448 1292 2500 Chersis

245 2523 315 2575 enim
328 2541 381 2572 uon
396 2524 489 2594 agitur.
506 2553 535 2562 -
545 2523 605 2590 464.
619 2525 742 2595 mistique
756 2526 878 2598 Pliryper.
891 2527 960 2577 Bene
973 2528 1071 2589 mixti,
1089 2547 1125 2578 ne
1136 2530 1292 2598 posteriores

245 2615 412 2656 censeantur.
422 2634 457 2643 —
467 2615 522 2654 tum
531 2602 668 2676 splendida
682 2604 740 2666 loeto
750 2605 900 2677 Appiam,
914 2618 964 2657 etc.
976 2608 1012 2656 Ut
1025 2607 1179 2676 plurimum
1194 2610 1292 2681 singulis

244 2680 350 2751 singula
370 2680 416 2732 dat
437 2681 555 2751 epitheta
578 2702 634 2753 quer
653 2702 759 2734 carmen
779 2679 939 2734 concinnum
954 2675 1071 2754 'quidem
1092 2686 1235 2738 reddunt:
1256 2686 1294 2740 sed
1327 2673 1328 2754 l

245 2762 346 2812 nimius
357 2761 454 2830 fucus,
469 2774 498 2812 ut
512 2765 547 2812 ait
561 2763 755 2830 Quintilianus,
773 2763 895 2813 vitandus
906 2773 959 2814 est:
978 2765 1055 2833 quod
1067 2767 1095 2816 iu
1109 2764 1166 2818 hoc
1179 2780 1292 2839 poemate
1327 2777 1328 2782 ’

244 2841 351 2892 videtur
363 2845 426 2894 satis
436 2860 569 2913 superque
579 2845 756 2895 affectavisse.
765 2843 817 2896 Sed
828 2844 938 2908 frustra,
947 2862 1030 2914 quum
1039 2845 1110 2897 nihil
1121 2865 1234 2917 prorsus
1242 2847 1292 2898 inde

245 2921 349 2972 eluceat
360 2957 368 2986 ‚
379 2921 452 2991 quod
463 2941 524 2974 vere
535 2925 670 2993 poeticum
682 2923 829 2994 splendeat.
839 2948 874 2963 —-
884 2923 943 2989 465.
958 2923 1039 2996 reqio-
1051 2925 1100 2977 Est
1115 2926 1214 2978 domus
1226 2928 1293 2997 regis.

245 3001 336 3054 Graece
349 2999 407 3054 elil
422 3002 540 3054 dieitur:
560 3023 638 3074 quarn
657 3017 744 3055 autem
756 2998 850 3076 vulgus
867 3003 957 3054 aulam
975 3019 1075 3071 vocat,
1094 3011 1191 3078 potius
1210 3005 1293 3060 atrium

246 3082 352 3134 dixeris.
367 3083 398 3132 A.
410 3113 445 3120 -—
454 3084 514 3150 468.
527 3085 624 3154 dejecta
634 3083 731 3136 oeulos.
745 3084 775 3136 Id
789 3097 828 3136 est
839 3083 942 3136 habens
956 3085 1051 3138 oeulos
1066 3087 1193 3158 dejectos
1205 3112 1211 3140 ε
1224 3091 1260 3140 sie
1271 3088 1294 3137 li·
1327 3077 1328 3080 Ἴ

245 3163 295 3214 bro
308 3165 357 3231 xl,
370 3164 422 3230 480
433 3185 441 3214 ε,
544 3163 546 3168 ’
846 3165 849 3172 ’

352 3291 512 3346 Subvehitur
524 3311 621 3364 magna
632 3306 747 3345 matrum
760 3296 852 3366 regina
865 3307 991 3359 caterva,

352 3373 430 3424 Dona
442 3374 543 3433 fereus3
553 3374 682 3444 juxtaque
695 3393 783 3425 eomes
795 3377 906 3426 Lavinia
917 3377 1011 3445 virgo,

354 3451 442 3503 Causa
449 3452 516 3504 mali
528 3453 611 3514 tanti3
625 3465 704 3521 atque
718 3453 809 3505 oculos
822 3453 926 3522 dejecta
937 3451 1064 3504 decoros.

246 3569 312 3621 ldeo
323 3572 403 3642 igitur
417 3571 534 3640 dejesta,
548 3571 612 3641 quia
624 3587 702 3622 causa
715 3571 780 3624 mali
790 3573 874 3623 tanti:
888 3583 913 3623 et
925 3589 997 3622 nunc
1011 3573 1081 3642 quia
1091 3592 1200 3646 sponsa
1210 3577 1293 3628 futura.

243 3651 290 3702 sic
301 3650 420 3702 modesta
429 3650 612 3713 Didonultnm
621 3653 729 3704 demissa
736 3652 867 3724 prefatur.
878 3651 981 3704 AEneid.
992 3651 1042 3704 lib.
1053 3657 1076 3706 I.
1088 3675 1117 3708 v.
1132 3657 1195 3710 565.
1206 3687 1239 3697 -
1247 3657 1293 3724 470-

244 3729 333 3802 pn‘mo
343 3742 446 3800 aspectu
455 3731 614 3802 stupefactus
625 3731 735 3784 inlesit.
746 3733 815 3784 Mira
826 3731 884 3785 laus
895 3731 1000 3783 decoris
1012 3732 1155 3800 Laviniae3
1167 3757 1224 3790 non
1233 3734 1294 3789 aliter
1327 3735 1328 3758 ³

246 3809 285 3862 de
291 3807 374 3860 AEnea
386 3808 486 3860 dietum
498 3823 538 3861 est
549 3812 577 3861 in
587 3813 690 3881 primo,
701 3831 725 3863 v.
737 3813 788 3882 617
799 3834 804 3862 :

354 3932 499 4004 Obstupuit
512 3913 596 4004 primu
610 3908 720 4005 aspeelu
732 3937 842 3992 Sidonia
853 3935 937 4000 Dide,

354 4011 427 4062 Casu
439 4010 535 4064 deiude
546 4014 598 4064 viri
610 4026 701 4069 tanto:
