2690 4598
243 279 310 358 ,ts
512 273 546 335 Ρ,
570 261 801 334 virumn
823 265 1055 340 Minonis

267 400 355 481 Quin
368 398 436 486 ipsa
448 393 601 471 adrectiS,
615 394 687 458 visu
698 391 897 473 miserabile,
911 396 945 458 in
956 395 1056 462 hastis

268 503 444 590 Prsefigunt
456 501 575 587 capita,
590 515 623 562 et
634 499 738 562 multo
751 499 892 564 clamore
904 519 1102 588 sequuntur,

267 608 399 698 Euryali
412 624 443 670 et
456 605 534 669 Nisi.

267 713 417 780 AEneadae
431 712 504 776 duri
517 732 686 774 murorum
698 710 732 771 in
744 726 836 796 parte
849 710 978 775 sinistra

267 823 460 908 Opposuere
472 818 589 894 aciem,
603 837 679 878 nam
692 813 824 879 dextera
835 817 977 901 cingitur
988 818 1091 897 amni,

270 927 480 1014 lugentisque
492 936 607 986 tenent
617 921 734 997 fossas,
749 937 781 983 et
793 919 938 984 turribus
950 920 1023 984 altis
1259 936 1299 997 47,

266 1034 356 1098 Stant
368 1029 475 1093 moesti
487 1052 493 1090 :
507 1026 604 1092 simul
617 1048 673 1089 ora
685 1026 792 1088 virum
804 1025 936 1112 praefixa
948 1026 1139 1107 movebant,

266 1141 350 1203 Nota
362 1135 459 1198 nimis
471 1134 612 1210 miseris,
626 1147 764 1219 atroque
776 1130 911 1195 fluentia
923 1131 1010 1196 tabo.

266 1247 396 1308 Interea
407 1237 559 1328 pavidam
570 1236 710 1300 volitans
722 1253 864 1323 pennata
875 1258 936 1324 per
946 1236 1063 1300 urbem

266 1349 387 1414 Nuntia
399 1350 498 1409 Fama
508 1344 588 1421 ruit,
602 1342 780 1429 matrisque
792 1340 955 1406 adlabitur
966 1343 1052 1405 auris

266 1525 318 1557 cum
328 1506 395 1554 Iliad.
408 1503 433 1558 8,
445 1503 490 1560 438
502 1495 611 1547 rissendi
624 1495 676 1549 siau
690 1495 789 1550 isauros
799 1497 954 1562 ‘muling
968 1515 994 1548 ut
1012 1515 1070 1550 esset
1082 1503 1209 1567 synthesis,
1227 1518 1248 1553 et
1258 1506 1297 1552 alia

265 1582 338 1644 figura
349 1596 354 1624 ι
369 1580 462 1642 quisque
473 1577 530 1638 cogit
540 1582 562 1618 et
571 1581 662 1618 acuunt.
675 1572 788 1617 Montalb.
801 1585 824 1618 et
834 1572 939 1618 Parrbas.
957 1575 1044 1639 Quique
1055 1591 1120 1631 suos,
1134 1580 1203 1622 etiam
1214 1573 1298 1640 elegan-

266 1653 320 1696 tius.
332 1650 410 1694 Potest
419 1660 513 1709 quoque
525 1645 557 1690 sic
569 1642 680 1703 distingui
692 1654 715 1688 et
728 1644 862 1704 interpuugi
874 1659 879 1687 :
895 1645 986 1690 Turnus
998 1649 1021 1689 iss
1031 1661 1095 1691 ormo
1107 1649 1300 1694 varos-suscitas

266 1727 392 1782 'teretesque
401 1721 473 1769 acies;
486 1718 508 1758 in
515 1711 594 1776 prelia
601 1717 661 1777 'eoqit
671 1713 770 1776 Quisque
779 1727 831 1758 suos
837 1731 845 1766 ,·
863 1716 974 1778 variuque
983 1725 1069 1761 acuunt
1077 1717 1204 1763 nemoribus
1214 1722 1262 1763 iras.
1271 1721 1300 1764 lta

265 1794 356 1839 veroin
368 1793 426 1836 virm
435 1795 559 1848 oeratasque
568 1788 626 1829 acies
643 1797 676 1829 est
687 1785 754 1829 otiosi
767 1783 831 1845 quid.
844 1785 890 1829 Aut
902 1787 933 1830 sic
945 1801 950 1830 ι
963 1790 1034 1851 eopia·
1047 1788 1146 1852 Quisque
1162 1805 1214 1836 suos
1229 1792 1299 1835 variu-

264 1877 308 1926 que
317 1869 402 1906 aeuum
414 1855 538 1902 rumoribus
548 1859 600 1900 iras.
614 1855 718 1913 Quetuor
731 1855 906 1900 Burmannianis
918 1855 1001 1918 copula
1014 1859 1038 1902 in
1050 1861 1163 1922 ventique
1180 1859 1249 1907 abest.
1263 1876 1297 1904 va·

265 1933 353 1994 riosque
364 1945 409 1974 sec.
420 1925 528 1971 hottend.
541 1950 572 1960 -
583 1923 636 1980 465.
649 1926 693 1986 ipsi
697 1925 756 1968 Ven,
768 1921 868 1968 mirabile
877 1924 945 1970 multi
955 1925 1035 1972 lleins.¹
1043 1943 1071 1972 ex
1083 1943 1157 1975 more.
1167 1955 1200 1966 —
1209 1929 1259 1992 467.
1268 1931 1298 1974 Au

264 1999 310 2047 hoe
322 1997 493 2046 hemistichium
506 2013 534 2042 ex
545 1997 753 2057 interpretamento
765 1996 789 2039 in
801 1996 905 2057 margine
916 1996 1032 2060 adscripto
1049 1999 1189 2046 subnatum?
1199 2001 1298 2062 Adscrip·

264 2085 316 2118 tum
330 2075 355 2117 in
372 2070 428 2117 edit.
448 2068 548 2114 londini
564 2069 663 2129 repetita
675 2083 680 2112 :
693 2069 725 2112 sic
735 2081 830 2112 censere
841 2082 935 2129 quoque
948 2082 1064 2116 auctorem
1077 2069 1144 2127 libri,
1159 2075 1197 2118 cui
1211 2071 1297 2118 titulus:

265 2143 351 2188 lettres
360 2140 387 2184 de
396 2137 503 2202 quelques
518 2137 578 2199 Jugss
593 2139 608 2181 ὰ
624 2139 658 2181 Μ.
673 2134 781 2182 Voltaire.
793 2161 824 2170 -
835 2135 889 2191 468.
903 2140 925 2180 in
937 2137 1000 2184 abest
1014 2140 1079 2184 lium.
1094 2151 1116 2186 et
1127 2140 1190 2186 binis
1199 2140 1298 2188 llottend.

265 2237 296 2248 —
308 2211 360 2270 469.
373 2223 426 2254 num
438 2211 517 2253 dextra
529 2209 661 2269 agnoscitur
673 2208 791 2252 Prisciano
809 2205 850 2251 lib.
863 2207 919 2262 Vll,
934 2209 1000 2253 etsie
1013 2208 1082 2254 Goth.
1096 2226 1131 2272 pr.
1144 2212 1190 2256 Sed
1203 2211 1299 2257 delendis
1331 2205 1332 2214 ¹

265 2279 364 2325 alterum
375 2278 487 2324 librorum
495 2278 619 2322 auctoritas
629 2293 666 2339 ap.
677 2277 755 2321 lleins.
766 2284 898 2321 nomeetero
906 2276 975 2321 Goth.
987 2289 1038 2322 tert.
1049 2294 1114 2323 omne
1123 2282 1200 2342 Sprot.
1212 2307 1243 2316 -
1252 2280 1297 2342 471.

266 2347 384 2393 movebant
394 2349 473 2393 lleins.
487 2363 500 2391 e
512 2349 559 2391 suis
571 2358 594 2391 et
606 2346 718 2391 Pierianis
730 2348 838 2391 restituit.
858 2345 977 2391 monebunt
987 2363 1023 2408 pr.
1041 2347 1122 2411 Hamb.
1135 2365 1179 2412 pro
1191 2366 1238 2395 var.
1252 2348 1297 2394 lect.

265 2417 343 2479 Vulgo
355 2429 407 2462 ante
420 2419 498 2462 licius.
511 2415 596 2461 lectum
615 2415 732 2469 videbam,-
750 2414 847 2461 dederat
863 2427 939 2460 tamen
951 2415 1069 2462 movebant
1079 2418 1209 2479 Naugerius
1220 2421 1244 2464 in
1255 2417 1298 2461 tid.
1330 2435 1331 2442 ³

265 2498 319 2533 tert.
333 2497 355 2531 et
367 2501 394 2531 er
407 2501 435 2531 eo
447 2485 495 2530 alii.
508 2482 576 2528 simul
587 2500 630 2546 pro
642 2485 725 2547 copula
743 2496 776 2529 est
794 2501 799 2530 :
817 2500 861 2531 nec
873 2486 974 2530 Stuut-
983 2485 1075 2531 simulac
1091 2487 1198 2532 uidebant
1212 2487 1299 2532 latinun
1330 2477 1331 2505 l

267 2569 334 2603 esset.
348 2581 380 2592 —
393 2555 446 2618 473.
459 2558 519 2601 Nota
531 2559 595 2601 musis
607 2573 652 2602 sec.
667 2557 736 2602 Goth.
749 2583 778 2593 -
791 2555 845 2619 473.
854 2560 948 2619 pinnata
958 2558 1044 2603 Medic.
1058 2569 1081 2602 et
1091 2558 1153 2602 Gud.
1164 2574 1218 2603 cum
1230 2560 1299 2611 houm

203 2670 206 2679 ,
265 2639 291 2673 et
308 2629 340 2673 sic
352 2628 452 2672 Servus.
464 2651 495 2661 -
507 2624 560 2688 474.
573 2627 601 2670 F.
612 2631 670 2690 qerit
680 2628 739 2672 Ven.
753 2643 765 2673 3
778 2643 809 2672 m.
821 2639 857 2687 pr.
869 2641 938 2671 auras
949 2627 1035 2672 Medic.
1048 2642 1061 2671 a
1072 2641 1103 2670 m.
1116 2641 1153 2688 pr.

264 2769 411 2820 rumoribus
430 2769 507 2823 docte
518 2768 623 2820 videtur
643 2771 760 2840 positum
808 2771 852 2821 ria
864 2769 997 2834 ducebat,
1014 2767 1098 2820 altera
1114 2768 1260 2821 secundnm
1276 2766 1299 2817 li·
1328 2835 1329 2842 7

263 2869 315 2922 pro
338 2848 505 2916 hortatibus,
522 2848 641 2901 vocibus.
655 2850 757 2916 -468,
808 2860 970 2914 tus‚versus
982 2849 1160 2911 Laurentum,
1176 2848 1298 2899 'alterain

263 2933 303 2984 De
316 2931 436 2982 locorum
448 2933 499 2982 situ
507 2949 532 2980 v.
543 2929 604 2981 Exc.
618 2931 653 2980 lII
666 2928 700 2982 ad
712 2929 757 2981 lib.
808 2929 936 2979 interiora
952 2929 1021 3000 agri,
1037 2945 1103 2997 qua,
1123 2940 1197 2978 retro
1216 2927 1248 2978 ad
1264 2926 1299 2976 Ti·

263 3013 310 3062 Vll
320 3023 347 3061 et
358 3027 416 3080 sup.
429 3008 464 3060 ad
476 3029 500 3060 v.
514 3007 571 3080 195.
583 3009 665 3061 Poeta
676 3008 759 3060 videri
806 3004 892 3057 herim
922 3024 1013 3058 versus
1041 3005 1136 3058 collem
1160 3007 1297 3058 Palatinum
1327 3051 1328 3056 ,

261 3104 350 3162 potest
380 3103 507 3161 tanquam
531 3091 559 3140 in
585 3090 758 3154 Rutulorum,
807 3089 946 3156 pervenire
968 3098 1082 3156 poterat.
1101 3088 1223 3139 Firmant
1242 3089 1299 3138 Tro-

259 3180 350 3221 eastra
372 3169 561 3232 adoriendum,
578 3170 681 3240 agmine
704 3187 761 3220 ver·
806 3167 863 3233 jani
875 3164 1004 3237 presidiis
1013 3165 1111 3218 vallum
1125 3164 1160 3216 ab
1173 3166 1239 3218 larva
1250 3183 1298 3236 par·

264 3264 325 3298 sans
339 3265 410 3298 nunc
424 3249 557 3299 sinistram
567 3265 658 3298 versus
671 3265 759 3311 mare,
808 3258 848 3312 te,
859 3247 1008 3316 quaRutuli
1019 3265 1177 3317 oppugnare
1187 3249 1298 3298 munitio-
1326 3247 1327 3256 ¹

220 3355 224 3362 ·
264 3324 383 3375 dextrum
404 3338 505 3395 partem
529 3343 620 3377 versus
643 3325 759 3377 Tiberim
807 3345 869 3377 nem
887 3344 934 3377 seu
952 3326 1059 3390 urbem,
1082 3345 1171 3396 quam.
1183 3327 1297 3399 Virgilius

262 3421 427 3454 memorare:
443 3406 532 3475 sicque
551 3404 700 3456 statuebam
713 3422 760 3456 an·
808 3404 945 3476 perhibet„
959 3418 1083 3476 poterant
1099 3427 1105 3455 z
1128 3405 1297 3458 collocantes
1325 3437 1326 3440 =

263 3495 321 3542 tea;
334 3499 405 3532 nuno
425 3481 502 3532 video
520 3485 630 3534 nimium
647 3485 685 3533 sic
701 3495 759 3533 tur·
808 3485 835 3536 in
843 3486 902 3554 ipso
909 3481 1049 3550 vallo‚seu
1059 3501 1136 3534 muro
1145 3496 1172 3534 et
1181 3484 1296 3547 turribus,

263 3561 323 3611 bari
334 3562 361 3610 in
374 3563 480 3625 ceteris,
494 3575 519 3613 et
531 3562 692 3614 manendum
701 3579 758 3615 esse
808 3581 873 3633 quas
886 3564 959 3616 fossa
969 3564 1060 3615 ambit.

263 3640 291 3688 iu
304 3656 349 3703 eo,
361 3650 391 3688 ut
401 3639 572 3707 perseiuistra
585 3658 719 3692 murorum
731 3654 758 3692 et
841 3643 893 3712 473
912 3661 951 3712 sq.
972 3645 1137 3714 Comparunt
1158 3644 1296 3696 Androma-

263 3715 290 3766 h.
303 3715 321 3766 Ι.
333 3718 366 3767 sit
376 3733 407 3768 ex
417 3719 506 3786 positu
518 3733 664 3770 castrorum
675 3739 691 3771 3
700 3739 758 3790 pan·
807 3723 861 3775 chae
872 3723 1078 3794 trepidationem
1088 3722 1296 3775 etluctumlliad.

180 3811 182 3816 ·
263 3793 334 3844 tibus
355 3796 499 3863 Trojanis:
526 3797 632 3849 Excurs.
654 3797 756 3868 l†ad
804 3803 988 3872 χ,447’3ε(7(7.
1003 3815 1029 3852 et
1046 3801 1122 3853 lliad.
1136 3806 1166 3870 ζ,
1187 3804 1238 3856 388
1250 3819 1296 3869 seq.

261 3872 333 3924 huno
345 3873 440 3926 librum
452 3876 495 3925 lll.
509 3895 524 3925 α
543 3875 606 3928 leva
616 3889 691 3949 parte
703 3895 757 3929 cas·
805 3882 840 3932 Ut
849 3884 1009 3933 imitatorem
1019 3883 1106 3932 minus
1116 3883 1227 3942 subacti⁸
1233 3881 1295 3951 jndi-

259 3963 362 4006 trorum
376 3967 454 4026 porta
470 3966 570 4024 erat,a
587 3973 639 4026 qua
658 3957 756 4028 duplex
805 3961 840 4014 cii
853 3977 999 4031 agnoscas,
1018 3961 1052 4014 cf.
1072 3960 1150 4026 Statii
1168 3963 1205 4015 111
1222 3958 1295 4028 'lfheb
