<?xml version="1.0" encoding="UTF-8"?>
<!DOCTYPE html PUBLIC "-//W3C//DTD XHTML 1.0 Transitional//EN"
    "http://www.w3.org/TR/xhtml1/DTD/xhtml1-transitional.dtd">
<html xmlns="http://www.w3.org/1999/xhtml" xml:lang="en" lang="en">
 <head>
  <title>
</title>
<meta http-equiv="Content-Type" content="text/html;charset=utf-8" />
  <meta name='ocr-system' content='tesseract 3.04.00' />
  <meta name='ocr-capabilities' content='ocr_page ocr_carea ocr_par ocr_line ocrx_word'/>
</head>
<body>
  <div class='ocr_page' id='page_1' title='image "./pvirgiliusmaroq03barbgoog_0017.png"; bbox 0 0 2690 4598; ppageno 0'>
   <div class='ocr_carea' id='block_1_1' title="bbox 346 330 841 400">
    <p class='ocr_par' dir='ltr' id='par_1_1' title="bbox 346 330 841 400">
     <span class='ocr_line' id='line_1_1' title="bbox 346 330 841 400; baseline 0.01 -7"><span class='ocrx_word' id='word_1_1' title='bbox 346 330 580 395; x_wconf 85' lang='lat' dir='ltr'><strong>AENEIDOS</strong></span> <span class='ocrx_word' id='word_1_2' title='bbox 603 332 757 396; x_wconf 83' lang='lat' dir='ltr'>LIBER</span> <span class='ocrx_word' id='word_1_3' title='bbox 780 334 841 400; x_wconf 80' lang='lat' dir='ltr'>IX.</span> 
     </span>
    </p>
   </div>
   <div class='ocr_carea' id='block_1_2' title="bbox 74 453 922 646">
    <p class='ocr_par' dir='ltr' id='par_1_2' title="bbox 74 453 922 646">
     <span class='ocr_line' id='line_1_2' title="bbox 115 453 922 544; baseline 0.002 -30"><span class='ocrx_word' id='word_1_4' title='bbox 115 453 258 541; x_wconf 86' lang='lat' dir='ltr'>Jamque</span> <span class='ocrx_word' id='word_1_5' title='bbox 271 455 379 517; x_wconf 89' lang='lat' dir='ltr'>omnis</span> <span class='ocrx_word' id='word_1_6' title='bbox 391 456 514 542; x_wconf 87' lang='lat' dir='ltr'>campis</span> <span class='ocrx_word' id='word_1_7' title='bbox 527 456 686 520; x_wconf 83' lang='lat' dir='ltr'>exercitus</span> <span class='ocrx_word' id='word_1_8' title='bbox 699 455 767 520; x_wconf 89' lang='lat' dir='ltr'>ibat</span> <span class='ocrx_word' id='word_1_9' title='bbox 777 457 922 544; x_wconf 71' lang='lat' dir='ltr'>apertis,¹</span> 
     </span>
     <span class='ocr_line' id='line_1_3' title="bbox 74 557 791 646; baseline 0.008 -28"><span class='ocrx_word' id='word_1_10' title='bbox 74 557 173 620; x_wconf 88' lang='lat' dir='ltr'>Dives</span> <span class='ocrx_word' id='word_1_11' title='bbox 186 580 326 645; x_wconf 84' lang='lat' dir='ltr'>equum,</span> <span class='ocrx_word' id='word_1_12' title='bbox 340 557 432 623; x_wconf 88' lang='lat' dir='ltr'>dives</span> <span class='ocrx_word' id='word_1_13' title='bbox 443 560 542 646; x_wconf 87' lang='lat' dir='ltr'>pictai</span> <span class='ocrx_word' id='word_1_14' title='bbox 554 561 652 624; x_wconf 86' lang='lat' dir='ltr'>vestis</span> <span class='ocrx_word' id='word_1_15' title='bbox 665 577 697 624; x_wconf 95' lang='lat' dir='ltr'>et</span> <span class='ocrx_word' id='word_1_16' title='bbox 709 560 791 624; x_wconf 60' lang='lat' dir='ltr'>auri-</span> 
     </span>
    </p>
   </div>
   <div class='ocr_carea' id='block_1_3' title="bbox 5 661 1118 1069">
    <p class='ocr_par' dir='ltr' id='par_1_3' title="bbox 5 661 1118 1069">
     <span class='ocr_line' id='line_1_4' title="bbox 73 661 835 751; baseline 0.007 -28"><span class='ocrx_word' id='word_1_17' title='bbox 73 661 245 748; x_wconf 87' lang='lat' dir='ltr'>Messapus</span> <span class='ocrx_word' id='word_1_18' title='bbox 257 664 380 750; x_wconf 87' lang='lat' dir='ltr'>primas</span> <span class='ocrx_word' id='word_1_19' title='bbox 391 665 491 745; x_wconf 84' lang='lat' dir='ltr'>acies,</span> <span class='ocrx_word' id='word_1_20' title='bbox 504 682 670 751; x_wconf 87' lang='lat' dir='ltr'>postrema</span> <span class='ocrx_word' id='word_1_21' title='bbox 682 683 835 730; x_wconf 81' lang='lat' dir='ltr'>coercent</span> 
     </span>
     <span class='ocr_line' id='line_1_5' title="bbox 5 747 904 860; baseline 0.007 -30"><span class='ocrx_word' id='word_1_22' title='bbox 5 747 6 760; x_wconf 11' lang='grc' dir='ltr'>ἵ</span> <span class='ocrx_word' id='word_1_23' title='bbox 73 767 247 856; x_wconf 76' lang='lat' dir='ltr'>Tyrrhidae</span> <span class='ocrx_word' id='word_1_24' title='bbox 255 769 395 858; x_wconf 87' lang='lat' dir='ltr'>juvenes</span> <span class='ocrx_word' id='word_1_25' title='bbox 408 793 414 832; x_wconf 94' lang='lat'>:</span> <span class='ocrx_word' id='word_1_26' title='bbox 428 771 538 836; x_wconf 88' lang='lat' dir='ltr'>medio</span> <span class='ocrx_word' id='word_1_27' title='bbox 551 770 618 835; x_wconf 81' lang='lat' dir='ltr'>dux</span> <span class='ocrx_word' id='word_1_28' title='bbox 629 774 758 860; x_wconf 83' lang='lat' dir='ltr'>agmine</span> <span class='ocrx_word' id='word_1_29' title='bbox 771 775 904 836; x_wconf 87' lang='lat' dir='ltr'>Turnus</span> 
     </span>
     <span class='ocr_line' id='line_1_6' title="bbox 73 871 979 966; baseline 0.004 -30"><span class='ocrx_word' id='word_1_30' title='bbox 73 871 259 953; x_wconf 58' lang='lat' dir='ltr'>*Verritum</span> <span class='ocrx_word' id='word_1_31' title='bbox 272 899 363 940; x_wconf 88' lang='lat' dir='ltr'>arma</span> <span class='ocrx_word' id='word_1_32' title='bbox 374 893 504 955; x_wconf 87' lang='lat' dir='ltr'>tenens,</span> <span class='ocrx_word' id='word_1_33' title='bbox 519 895 552 941; x_wconf 90' lang='lat' dir='ltr'>et</span> <span class='ocrx_word' id='word_1_34' title='bbox 563 893 634 941; x_wconf 92' lang='lat' dir='ltr'>toto</span> <span class='ocrx_word' id='word_1_35' title='bbox 645 879 767 942; x_wconf 89' lang='lat' dir='ltr'>vertice</span> <span class='ocrx_word' id='word_1_36' title='bbox 780 900 877 966; x_wconf 85' lang='lat' dir='ltr'>supra</span> <span class='ocrx_word' id='word_1_37' title='bbox 889 893 947 941; x_wconf 87' lang='lat' dir='ltr'>est.</span> <span class='ocrx_word' id='word_1_38' title='bbox 961 876 979 904; x_wconf 75' lang='lat'>&#39;⁴&#39;</span> 
     </span>
     <span class='ocr_line' id='line_1_7' title="bbox 75 977 1118 1069; baseline 0.002 -29"><span class='ocrx_word' id='word_1_39' title='bbox 75 977 145 1041; x_wconf 88' lang='lat' dir='ltr'>Ceu</span> <span class='ocrx_word' id='word_1_40' title='bbox 157 996 285 1066; x_wconf 87' lang='lat' dir='ltr'>septem</span> <span class='ocrx_word' id='word_1_41' title='bbox 298 1003 436 1069; x_wconf 86' lang='lat' dir='ltr'>surgens</span> <span class='ocrx_word' id='word_1_42' title='bbox 447 981 568 1047; x_wconf 86' lang='lat' dir='ltr'>sedatis</span> <span class='ocrx_word' id='word_1_43' title='bbox 580 982 731 1046; x_wconf 86' lang='lat' dir='ltr'>amnibus</span> <span class='ocrx_word' id='word_1_44' title='bbox 744 983 827 1046; x_wconf 87' lang='lat' dir='ltr'>altus</span> <span class='ocrx_word' id='word_1_45' title='bbox 1088 995 1118 1043; x_wconf 78' lang='lat' dir='ltr'>so</span> 
     </span>
    </p>
   </div>
   <div class='ocr_carea' id='block_1_4' title="bbox 73 1145 1120 1496">
    <p class='ocr_par' dir='ltr' id='par_1_4' title="bbox 73 1145 1120 1496">
     <span class='ocr_line' id='line_1_8' title="bbox 107 1145 1118 1212; baseline 0.005 -23"><span class='ocrx_word' id='word_1_46' title='bbox 107 1145 145 1189; x_wconf 81' lang='lat'>25.</span> <span class='ocrx_word' id='word_1_47' title='bbox 157 1147 254 1210; x_wconf 77' lang='lat' dir='ltr'>Jamque</span> <span class='ocrx_word' id='word_1_48' title='bbox 263 1148 320 1193; x_wconf 79' lang='lat' dir='ltr'>adeo</span> <span class='ocrx_word' id='word_1_49' title='bbox 327 1149 413 1194; x_wconf 84' lang='lat' dir='ltr'><strong>Medic.</strong></span> <span class='ocrx_word' id='word_1_50' title='bbox 425 1165 438 1193; x_wconf 84' lang='lat' dir='ltr'>a</span> <span class='ocrx_word' id='word_1_51' title='bbox 447 1165 478 1194; x_wconf 91' lang='lat' dir='ltr'>m.</span> <span class='ocrx_word' id='word_1_52' title='bbox 488 1166 534 1196; x_wconf 80' lang='lat' dir='ltr'>sec.</span> <span class='ocrx_word' id='word_1_53' title='bbox 542 1175 573 1185; x_wconf 93' lang='lat'>·-</span> <span class='ocrx_word' id='word_1_54' title='bbox 581 1149 618 1196; x_wconf 82' lang='lat'>26.</span> <span class='ocrx_word' id='word_1_55' title='bbox 627 1153 698 1212; x_wconf 81' lang='lat' dir='ltr'>pictai</span> <span class='ocrx_word' id='word_1_56' title='bbox 705 1149 767 1194; x_wconf 79' lang='lat' dir='ltr'>conl.</span> <span class='ocrx_word' id='word_1_57' title='bbox 776 1149 806 1194; x_wconf 88' lang='lat' dir='ltr'>ad</span> <span class='ocrx_word' id='word_1_58' title='bbox 815 1150 859 1204; x_wconf 85' lang='lat' dir='ltr'>vl,</span> <span class='ocrx_word' id='word_1_59' title='bbox 868 1148 920 1211; x_wconf 67' lang='lat'>747.</span> <span class='ocrx_word' id='word_1_60' title='bbox 927 1173 958 1182; x_wconf 91' lang='lat'>-</span> <span class='ocrx_word' id='word_1_61' title='bbox 966 1163 1002 1211; x_wconf 84' lang='lat'>²7·</span> <span class='ocrx_word' id='word_1_62' title='bbox 1011 1149 1118 1211; x_wconf 75' lang='lat' dir='ltr'>Meropus</span> 
     </span>
     <span class='ocr_line' id='line_1_9' title="bbox 75 1214 1118 1280; baseline 0.003 -20"><span class='ocrx_word' id='word_1_63' title='bbox 75 1214 130 1260; x_wconf 80' lang='lat' dir='ltr'>Ald.</span> <span class='ocrx_word' id='word_1_64' title='bbox 148 1229 172 1262; x_wconf 87' lang='lat' dir='ltr'>et</span> <span class='ocrx_word' id='word_1_65' title='bbox 187 1217 286 1264; x_wconf 81' lang='lat' dir='ltr'>Dorrill.</span> <span class='ocrx_word' id='word_1_66' title='bbox 296 1244 328 1254; x_wconf 91' lang='lat'><em>-</em></span> <span class='ocrx_word' id='word_1_67' title='bbox 337 1220 376 1265; x_wconf 61' lang='lat'>28.</span> <span class='ocrx_word' id='word_1_68' title='bbox 392 1220 482 1266; x_wconf 84' lang='lat' dir='ltr'>Turidoe</span> <span class='ocrx_word' id='word_1_69' title='bbox 498 1220 596 1267; x_wconf 88' lang='lat' dir='ltr'>Dorvill.</span> <span class='ocrx_word' id='word_1_70' title='bbox 608 1247 640 1256; x_wconf 93' lang='lat'><em>-</em></span> <span class='ocrx_word' id='word_1_71' title='bbox 652 1236 689 1280; x_wconf 82' lang='lat'>29.</span> <span class='ocrx_word' id='word_1_72' title='bbox 702 1221 787 1266; x_wconf 82' lang='lat' dir='ltr'>Versus</span> <span class='ocrx_word' id='word_1_73' title='bbox 803 1218 950 1266; x_wconf 87' lang='lat' dir='ltr'>hauddubie</span> <span class='ocrx_word' id='word_1_74' title='bbox 966 1235 994 1264; x_wconf 79' lang='lat' dir='ltr'>cx</span> <span class='ocrx_word' id='word_1_75' title='bbox 1012 1218 1052 1264; x_wconf 88' lang='lat' dir='ltr'>lib.</span> <span class='ocrx_word' id='word_1_76' title='bbox 1065 1220 1118 1273; x_wconf 83' lang='lat' dir='ltr'>Vll,</span> 
     </span>
     <span class='ocr_line' id='line_1_10' title="bbox 75 1285 1120 1354; baseline 0.002 -22"><span class='ocrx_word' id='word_1_77' title='bbox 75 1285 122 1348; x_wconf 69' lang='lat'>784</span> <span class='ocrx_word' id='word_1_78' title='bbox 133 1287 180 1333; x_wconf 90' lang='lat' dir='ltr'>huc</span> <span class='ocrx_word' id='word_1_79' title='bbox 191 1288 323 1335; x_wconf 84' lang='lat' dir='ltr'>translatus.</span> <span class='ocrx_word' id='word_1_80' title='bbox 333 1291 420 1336; x_wconf 74' lang='lat' dir='ltr'>Tur-bat</span> <span class='ocrx_word' id='word_1_81' title='bbox 432 1291 472 1338; x_wconf 94' lang='lat' dir='ltr'>ille</span> <span class='ocrx_word' id='word_1_82' title='bbox 485 1304 508 1338; x_wconf 94' lang='lat' dir='ltr'>et</span> <span class='ocrx_word' id='word_1_83' title='bbox 519 1293 698 1354; x_wconf 84' lang='lat' dir='ltr'>comparationis</span> <span class='ocrx_word' id='word_1_84' title='bbox 710 1307 807 1336; x_wconf 85' lang='lat' dir='ltr'>nervum</span> <span class='ocrx_word' id='word_1_85' title='bbox 820 1289 914 1344; x_wconf 82' lang='lat' dir='ltr'>incidit,</span> <span class='ocrx_word' id='word_1_86' title='bbox 929 1301 952 1335; x_wconf 92' lang='lat' dir='ltr'>et</span> <span class='ocrx_word' id='word_1_87' title='bbox 962 1289 1026 1336; x_wconf 88' lang='lat' dir='ltr'>deest</span> <span class='ocrx_word' id='word_1_88' title='bbox 1037 1289 1120 1351; x_wconf 87' lang='lat' dir='ltr'>pleris-</span> 
     </span>
     <span class='ocr_line' id='line_1_11' title="bbox 73 1356 1119 1424; baseline 0.001 -22"><span class='ocrx_word' id='word_1_89' title='bbox 73 1372 121 1418; x_wconf 85' lang='lat' dir='ltr'>que</span> <span class='ocrx_word' id='word_1_90' title='bbox 133 1356 198 1402; x_wconf 85' lang='lat' dir='ltr'>libn&#39;s</span> <span class='ocrx_word' id='word_1_91' title='bbox 208 1358 250 1402; x_wconf 88' lang='lat' dir='ltr'>Ge.</span> <span class='ocrx_word' id='word_1_92' title='bbox 263 1359 376 1414; x_wconf 83' lang='lat' dir='ltr'>Fabricii,</span> <span class='ocrx_word' id='word_1_93' title='bbox 387 1362 457 1406; x_wconf 84' lang='lat' dir='ltr'>Pierii</span> <span class='ocrx_word' id='word_1_94' title='bbox 470 1363 550 1424; x_wconf 89' lang='lat' dir='ltr'>(quem</span> <span class='ocrx_word' id='word_1_95' title='bbox 559 1361 606 1407; x_wconf 88' lang='lat' dir='ltr'>vid.</span> <span class='ocrx_word' id='word_1_96' title='bbox 617 1362 647 1406; x_wconf 90' lang='lat' dir='ltr'>ad</span> <span class='ocrx_word' id='word_1_97' title='bbox 655 1379 677 1407; x_wconf 84' lang='lat' dir='ltr'>v.</span> <span class='ocrx_word' id='word_1_98' title='bbox 690 1362 743 1419; x_wconf 83' lang='lat'>31),</span> <span class='ocrx_word' id='word_1_99' title='bbox 753 1373 776 1405; x_wconf 92' lang='lat' dir='ltr'>et</span> <span class='ocrx_word' id='word_1_100' title='bbox 785 1361 874 1405; x_wconf 82' lang='lat' dir='ltr'>Heinsii</span> <span class='ocrx_word' id='word_1_101' title='bbox 884 1376 910 1405; x_wconf 82' lang='lat' dir='ltr'>ac</span> <span class='ocrx_word' id='word_1_102' title='bbox 919 1361 1036 1404; x_wconf 85' lang='lat' dir='ltr'>Burmann</span> <span class='ocrx_word' id='word_1_103' title='bbox 1043 1376 1050 1414; x_wconf 94' lang='lat'>;</span> <span class='ocrx_word' id='word_1_104' title='bbox 1058 1358 1119 1404; x_wconf 89' lang='lat' dir='ltr'>adde</span> 
     </span>
     <span class='ocr_line' id='line_1_12' title="bbox 75 1425 1118 1496; baseline 0.001 -26"><span class='ocrx_word' id='word_1_105' title='bbox 75 1425 144 1470; x_wconf 77' lang='lat' dir='ltr'>binos</span> <span class='ocrx_word' id='word_1_106' title='bbox 155 1425 225 1472; x_wconf 84' lang='lat' dir='ltr'>Goth.</span> <span class='ocrx_word' id='word_1_107' title='bbox 235 1444 288 1472; x_wconf 88' lang='lat' dir='ltr'>cum</span> <span class='ocrx_word' id='word_1_108' title='bbox 297 1429 344 1474; x_wconf 76' lang='lat' dir='ltr'>Eri.</span> <span class='ocrx_word' id='word_1_109' title='bbox 356 1430 458 1476; x_wconf 87' lang='lat' dir='ltr'>Omissus</span> <span class='ocrx_word' id='word_1_110' title='bbox 468 1447 562 1496; x_wconf 84' lang='lat' dir='ltr'>quoque</span> <span class='ocrx_word' id='word_1_111' title='bbox 569 1447 632 1478; x_wconf 88' lang='lat' dir='ltr'>nunc</span> <span class='ocrx_word' id='word_1_112' title='bbox 642 1433 667 1477; x_wconf 90' lang='lat' dir='ltr'>in</span> <span class='ocrx_word' id='word_1_113' title='bbox 678 1431 733 1478; x_wconf 90' lang='lat' dir='ltr'>edit.</span> <span class='ocrx_word' id='word_1_114' title='bbox 744 1431 870 1476; x_wconf 76' lang='lat' dir='ltr'>Parmensi</span> <span class='ocrx_word' id='word_1_115' title='bbox 881 1445 945 1475; x_wconf 87' lang='lat' dir='ltr'>arma</span> <span class='ocrx_word' id='word_1_116' title='bbox 952 1444 1031 1493; x_wconf 79' lang='lat' dir='ltr'>gerens</span> <span class='ocrx_word' id='word_1_117' title='bbox 1041 1428 1118 1475; x_wconf 86' lang='lat' dir='ltr'>Schol.</span> 
     </span>
    </p>
   </div>
   <div class='ocr_carea' id='block_1_5' title="bbox 76 1498 421 1554">
    <p class='ocr_par' dir='ltr' id='par_1_5' title="bbox 76 1498 421 1554">
     <span class='ocr_line' id='line_1_13' title="bbox 76 1498 421 1554; baseline 0.009 -12"><span class='ocrx_word' id='word_1_118' title='bbox 76 1498 156 1554; x_wconf 83' lang='lat' dir='ltr'>Statii,</span> <span class='ocrx_word' id='word_1_119' title='bbox 169 1510 193 1544; x_wconf 84' lang='lat' dir='ltr'>et</span> <span class='ocrx_word' id='word_1_120' title='bbox 203 1507 238 1544; x_wconf 85' lang='lat' dir='ltr'>est</span> <span class='ocrx_word' id='word_1_121' title='bbox 246 1499 312 1546; x_wconf 83' lang='lat' dir='ltr'>abest</span> <span class='ocrx_word' id='word_1_122' title='bbox 322 1500 421 1547; x_wconf 88' lang='lat' dir='ltr'>Dorvill.</span> 
     </span>
    </p>
   </div>
   <div class='ocr_carea' id='block_1_6' title="bbox 77 1637 576 1784">
    <p class='ocr_par' dir='ltr' id='par_1_6' title="bbox 77 1637 576 1784">
     <span class='ocr_line' id='line_1_14' title="bbox 77 1637 575 1715; baseline 0.016 -28"><span class='ocrx_word' id='word_1_123' title='bbox 77 1637 140 1710; x_wconf 88' lang='lat' dir='ltr'>ligio</span> <span class='ocrx_word' id='word_1_124' title='bbox 152 1641 243 1692; x_wconf 85' lang='lat' dir='ltr'>facere</span> <span class='ocrx_word' id='word_1_125' title='bbox 250 1641 340 1710; x_wconf 89' lang='lat' dir='ltr'>jubet,</span> <span class='ocrx_word' id='word_1_126' title='bbox 350 1645 438 1695; x_wconf 89' lang='lat' dir='ltr'>omine</span> <span class='ocrx_word' id='word_1_127' title='bbox 451 1657 575 1715; x_wconf 86' lang='lat' dir='ltr'>accepto,</span> 
     </span>
     <span class='ocr_line' id='line_1_15' title="bbox 78 1719 576 1784; baseline 0.012 -17"><span class='ocrx_word' id='word_1_128' title='bbox 78 1719 158 1768; x_wconf 88' lang='lat' dir='ltr'>etiam</span> <span class='ocrx_word' id='word_1_129' title='bbox 177 1721 234 1770; x_wconf 86' lang='lat' dir='ltr'>viso</span> <span class='ocrx_word' id='word_1_130' title='bbox 253 1732 280 1772; x_wconf 88' lang='lat' dir='ltr'>et</span> <span class='ocrx_word' id='word_1_131' title='bbox 298 1740 329 1772; x_wconf 84' lang='lat' dir='ltr'>ex</span> <span class='ocrx_word' id='word_1_132' title='bbox 341 1724 458 1784; x_wconf 90' lang='lat' dir='ltr'>somnio;</span> <span class='ocrx_word' id='word_1_133' title='bbox 476 1723 576 1775; x_wconf 89' lang='lat' dir='ltr'>scilicet</span> 
     </span>
    </p>
   </div>
   <div class='ocr_carea' id='block_1_7' title="bbox 5 1793 323 1852">
    <p class='ocr_par' dir='ltr' id='par_1_7' title="bbox 5 1793 323 1852">
     <span class='ocr_line' id='line_1_16' title="bbox 5 1793 323 1852; baseline 0.016 -7"><span class='ocrx_word' id='word_1_134' title='bbox 5 1829 6 1850; x_wconf 62' lang='lat'>,</span> <span class='ocrx_word' id='word_1_135' title='bbox 77 1793 208 1848; x_wconf 88' lang='lat' dir='ltr'>lustrandi</span> <span class='ocrx_word' id='word_1_136' title='bbox 221 1817 323 1852; x_wconf 84' lang='lat' dir='ltr'>caussa.</span> 
     </span>
    </p>
   </div>
   <div class='ocr_carea' id='block_1_8' title="bbox 77 1861 579 2014">
    <p class='ocr_par' dir='ltr' id='par_1_8' title="bbox 77 1861 579 2014">
     <span class='ocr_line' id='line_1_17' title="bbox 113 1861 579 1952; baseline 0.009 -24"><span class='ocrx_word' id='word_1_137' title='bbox 113 1875 147 1929; x_wconf 79' lang='lat'>25</span> <span class='ocrx_word' id='word_1_138' title='bbox 158 1908 191 1915; x_wconf 95' lang='lat'>-</span> <span class='ocrx_word' id='word_1_139' title='bbox 202 1877 245 1930; x_wconf 82' lang='lat'>32.</span> <span class='ocrx_word' id='word_1_140' title='bbox 262 1881 385 1932; x_wconf 89' lang='lat' dir='ltr'>Fundum</span> <span class='ocrx_word' id='word_1_141' title='bbox 402 1861 579 1952; x_wconf 78' lang='lat' dir='ltr'>comparatio-</span> 
     </span>
     <span class='ocr_line' id='line_1_18' title="bbox 77 1957 578 2014; baseline 0.008 -6"><span class='ocrx_word' id='word_1_142' title='bbox 77 1958 118 2008; x_wconf 86' lang='lat' dir='ltr'>nis</span> <span class='ocrx_word' id='word_1_143' title='bbox 140 1957 262 2012; x_wconf 82' lang='lat' dir='ltr'>declarat</span> <span class='ocrx_word' id='word_1_144' title='bbox 282 1960 407 2014; x_wconf 81' lang='lat' dir='ltr'>Servius:</span> <span class='ocrx_word' id='word_1_145' title='bbox 434 1965 578 2014; x_wconf 84' lang='lat' dir='ltr'>exercitum</span> 
     </span>
    </p>
   </div>
   <div class='ocr_carea' id='block_1_9' title="bbox 5 2039 576 2111">
    <p class='ocr_par' dir='ltr' id='par_1_9' title="bbox 5 2039 576 2111">
     <span class='ocr_line' id='line_1_19' title="bbox 5 2039 576 2111; baseline 0.011 -23"><span class='ocrx_word' id='word_1_146' title='bbox 5 2055 6 2080; x_wconf 46' lang='grc' dir='ltr'><strong><em>ὲ</em></strong></span> <span class='ocrx_word' id='word_1_147' title='bbox 78 2039 165 2108; x_wconf 83' lang='lat' dir='ltr'>primo</span> <span class='ocrx_word' id='word_1_148' title='bbox 184 2042 296 2092; x_wconf 87' lang='lat' dir='ltr'>confuse</span> <span class='ocrx_word' id='word_1_149' title='bbox 312 2042 340 2093; x_wconf 92' lang='lat' dir='ltr'>in</span> <span class='ocrx_word' id='word_1_150' title='bbox 354 2059 462 2111; x_wconf 88' lang='lat' dir='ltr'>campos</span> <span class='ocrx_word' id='word_1_151' title='bbox 477 2044 576 2105; x_wconf 86' lang='lat' dir='ltr'>ruisse,</span> 
     </span>
    </p>
   </div>
   <div class='ocr_carea' id='block_1_10' title="bbox 78 2118 580 2511">
    <p class='ocr_par' dir='ltr' id='par_1_10' title="bbox 78 2118 580 2511">
     <span class='ocr_line' id='line_1_20' title="bbox 78 2118 580 2190; baseline 0.004 -20"><span class='ocrx_word' id='word_1_152' title='bbox 78 2131 141 2189; x_wconf 88' lang='lat' dir='ltr'>post</span> <span class='ocrx_word' id='word_1_153' title='bbox 152 2118 284 2190; x_wconf 88' lang='lat' dir='ltr'>digestum</span> <span class='ocrx_word' id='word_1_154' title='bbox 297 2123 325 2172; x_wconf 92' lang='lat' dir='ltr'>in</span> <span class='ocrx_word' id='word_1_155' title='bbox 336 2121 441 2174; x_wconf 84' lang='lat' dir='ltr'>ordines</span> <span class='ocrx_word' id='word_1_156' title='bbox 452 2121 488 2173; x_wconf 88' lang='lat' dir='ltr'>ad</span> <span class='ocrx_word' id='word_1_157' title='bbox 496 2121 580 2173; x_wconf 83' lang='lat' dir='ltr'>tlumi-</span> 
     </span>
     <span class='ocr_line' id='line_1_21' title="bbox 79 2199 576 2254; baseline 0.004 -6"><span class='ocrx_word' id='word_1_158' title='bbox 79 2199 119 2248; x_wconf 91' lang='lat' dir='ltr'>nis</span> <span class='ocrx_word' id='word_1_159' title='bbox 126 2217 229 2252; x_wconf 85' lang='lat' dir='ltr'>morem</span> <span class='ocrx_word' id='word_1_160' title='bbox 237 2201 265 2250; x_wconf 91' lang='lat' dir='ltr'>in</span> <span class='ocrx_word' id='word_1_161' title='bbox 273 2201 377 2252; x_wconf 86' lang='lat' dir='ltr'>alveum</span> <span class='ocrx_word' id='word_1_162' title='bbox 386 2219 462 2252; x_wconf 89' lang='lat' dir='ltr'>suum</span> <span class='ocrx_word' id='word_1_163' title='bbox 471 2203 576 2254; x_wconf 87' lang='lat' dir='ltr'>reversi.</span> 
     </span>
     <span class='ocr_line' id='line_1_22' title="bbox 79 2278 577 2351; baseline 0.002 -22"><span class='ocrx_word' id='word_1_164' title='bbox 79 2278 109 2329; x_wconf 88' lang='lat' dir='ltr'>ld</span> <span class='ocrx_word' id='word_1_165' title='bbox 131 2297 195 2330; x_wconf 87' lang='lat' dir='ltr'>vero</span> <span class='ocrx_word' id='word_1_166' title='bbox 215 2280 321 2351; x_wconf 86' lang='lat' dir='ltr'>longius</span> <span class='ocrx_word' id='word_1_167' title='bbox 341 2283 472 2351; x_wconf 87' lang='lat' dir='ltr'>petitum:</span> <span class='ocrx_word' id='word_1_168' title='bbox 493 2281 577 2332; x_wconf 90' lang='lat' dir='ltr'>multo</span> 
     </span>
     <span class='ocr_line' id='line_1_23' title="bbox 79 2360 579 2432; baseline 0.008 -25"><span class='ocrx_word' id='word_1_169' title='bbox 79 2360 166 2410; x_wconf 88' lang='lat' dir='ltr'>minus</span> <span class='ocrx_word' id='word_1_170' title='bbox 176 2363 342 2430; x_wconf 86' lang='lat' dir='ltr'>comparatio</span> <span class='ocrx_word' id='word_1_171' title='bbox 353 2375 455 2432; x_wconf 86' lang='lat' dir='ltr'>spectat</span> <span class='ocrx_word' id='word_1_172' title='bbox 467 2362 502 2413; x_wconf 88' lang='lat' dir='ltr'>ad</span> <span class='ocrx_word' id='word_1_173' title='bbox 511 2361 579 2412; x_wconf 89' lang='lat' dir='ltr'>Tur·</span> 
     </span>
     <span class='ocr_line' id='line_1_24' title="bbox 79 2439 578 2511; baseline 0.01 -25"><span class='ocrx_word' id='word_1_174' title='bbox 79 2455 151 2487; x_wconf 89' lang='lat' dir='ltr'>num.</span> <span class='ocrx_word' id='word_1_175' title='bbox 163 2439 268 2510; x_wconf 79' lang='lat' dir='ltr'>&#39;Agmen</span> <span class='ocrx_word' id='word_1_176' title='bbox 284 2439 390 2503; x_wconf 85' lang='lat' dir='ltr'>ordine,</span> <span class='ocrx_word' id='word_1_177' title='bbox 404 2441 477 2492; x_wconf 90' lang='lat' dir='ltr'>lento</span> <span class='ocrx_word' id='word_1_178' title='bbox 493 2441 578 2511; x_wconf 86' lang='lat' dir='ltr'>gradu</span> 
     </span>
    </p>
   </div>
   <div class='ocr_carea' id='block_1_11' title="bbox 5 2515 580 2596">
    <p class='ocr_par' dir='ltr' id='par_1_11' title="bbox 5 2515 580 2596">
     <span class='ocr_line' id='line_1_25' title="bbox 5 2515 580 2596; baseline 0.007 -29"><span class='ocrx_word' id='word_1_179' title='bbox 5 2531 6 2536; x_wconf 74' lang='grc'>’</span> <span class='ocrx_word' id='word_1_180' title='bbox 78 2529 106 2568; x_wconf 89' lang='lat' dir='ltr'>et</span> <span class='ocrx_word' id='word_1_181' title='bbox 129 2521 277 2588; x_wconf 85' lang='lat' dir='ltr'>composite</span> <span class='ocrx_word' id='word_1_182' title='bbox 301 2515 439 2583; x_wconf 76' lang='lat' dir='ltr'>incedens,</span> <span class='ocrx_word' id='word_1_183' title='bbox 452 2520 580 2596; x_wconf 82' lang='lat' dir='ltr'>fluminis</span> 
     </span>
    </p>
   </div>
   <div class='ocr_carea' id='block_1_12' title="bbox 81 2591 581 2669">
    <p class='ocr_par' dir='ltr' id='par_1_12' title="bbox 81 2591 581 2669">
     <span class='ocr_line' id='line_1_26' title="bbox 81 2591 581 2669; baseline 0.016 -25"><span class='ocrx_word' id='word_1_184' title='bbox 81 2591 137 2647; x_wconf 74' lang='lat' dir='ltr'>lato.</span> <span class='ocrx_word' id='word_1_185' title='bbox 146 2594 222 2646; x_wconf 88' lang='lat' dir='ltr'>alveo</span> <span class='ocrx_word' id='word_1_186' title='bbox 235 2597 305 2648; x_wconf 84' lang='lat' dir='ltr'>inter</span> <span class='ocrx_word' id='word_1_187' title='bbox 315 2597 384 2668; x_wconf 81' lang='lat' dir='ltr'>ripas</span> <span class='ocrx_word' id='word_1_188' title='bbox 395 2597 512 2650; x_wconf 83' lang='lat' dir='ltr'>devoluti</span> <span class='ocrx_word' id='word_1_189' title='bbox 522 2617 581 2669; x_wconf 89' lang='lat' dir='ltr'>spe-</span> 
     </span>
    </p>
   </div>
   <div class='ocr_carea' id='block_1_13' title="bbox 5 2676 578 2749">
    <p class='ocr_par' dir='ltr' id='par_1_13' title="bbox 5 2676 578 2749">
     <span class='ocr_line' id='line_1_27' title="bbox 5 2676 578 2749; baseline 0.016 -27"><span class='ocrx_word' id='word_1_190' title='bbox 5 2701 6 2722; x_wconf 75' lang='lat'>:</span> <span class='ocrx_word' id='word_1_191' title='bbox 80 2676 146 2726; x_wconf 90' lang='lat' dir='ltr'>ciem</span> <span class='ocrx_word' id='word_1_192' title='bbox 160 2695 250 2746; x_wconf 81' lang='lat' dir='ltr'>praese</span> <span class='ocrx_word' id='word_1_193' title='bbox 259 2677 408 2730; x_wconf 81' lang='lat' dir='ltr'>ferrebene</span> <span class='ocrx_word' id='word_1_194' title='bbox 420 2677 473 2729; x_wconf 91' lang='lat' dir='ltr'>dici</span> <span class='ocrx_word' id='word_1_195' title='bbox 482 2692 578 2749; x_wconf 86' lang='lat' dir='ltr'>potest.</span> 
     </span>
    </p>
   </div>
   <div class='ocr_carea' id='block_1_14' title="bbox 81 2753 579 2827">
    <p class='ocr_par' dir='ltr' id='par_1_14' title="bbox 81 2753 579 2827">
     <span class='ocr_line' id='line_1_28' title="bbox 81 2753 579 2827; baseline 0.01 -24"><span class='ocrx_word' id='word_1_196' title='bbox 81 2753 161 2821; x_wconf 89' lang='lat' dir='ltr'>Quod</span> <span class='ocrx_word' id='word_1_197' title='bbox 175 2758 202 2806; x_wconf 93' lang='lat' dir='ltr'>in</span> <span class='ocrx_word' id='word_1_198' title='bbox 216 2755 308 2827; x_wconf 86' lang='lat' dir='ltr'>Gange</span> <span class='ocrx_word' id='word_1_199' title='bbox 322 2756 397 2808; x_wconf 86' lang='lat' dir='ltr'>alveo</span> <span class='ocrx_word' id='word_1_200' title='bbox 410 2775 458 2806; x_wconf 90' lang='lat' dir='ltr'>suo</span> <span class='ocrx_word' id='word_1_201' title='bbox 473 2775 500 2808; x_wconf 90' lang='lat' dir='ltr'>se</span> <span class='ocrx_word' id='word_1_202' title='bbox 515 2776 579 2809; x_wconf 90' lang='lat' dir='ltr'>con·</span> 
     </span>
    </p>
   </div>
   <div class='ocr_carea' id='block_1_15' title="bbox 5 2833 581 2985">
    <p class='ocr_par' dir='ltr' id='par_1_15' title="bbox 5 2833 581 2985">
     <span class='ocr_line' id='line_1_29' title="bbox 5 2833 581 2900; baseline 0.009 -17"><span class='ocrx_word' id='word_1_203' title='bbox 5 2835 6 2896; x_wconf 58' lang='lat' dir='ltr'>i</span> <span class='ocrx_word' id='word_1_204' title='bbox 82 2837 183 2886; x_wconf 76' lang='lat' dir='ltr'>tinente</span> <span class='ocrx_word' id='word_1_205' title='bbox 201 2833 398 2900; x_wconf 74' lang='lat' dir='ltr'>declaraverat,</span> <span class='ocrx_word' id='word_1_206' title='bbox 414 2853 477 2886; x_wconf 87' lang='lat' dir='ltr'>mox</span> <span class='ocrx_word' id='word_1_207' title='bbox 494 2839 581 2888; x_wconf 86' lang='lat' dir='ltr'>variat</span> 
     </span>
     <span class='ocr_line' id='line_1_30' title="bbox 5 2913 580 2985; baseline 0.01 -25"><span class='ocrx_word' id='word_1_208' title='bbox 5 2931 6 2980; x_wconf 39' lang='grc' dir='ltr'><em>ᾗ</em></span> <span class='ocrx_word' id='word_1_209' title='bbox 81 2914 110 2962; x_wconf 90' lang='lat' dir='ltr'>in</span> <span class='ocrx_word' id='word_1_210' title='bbox 121 2913 196 2978; x_wconf 82' lang='lat' dir='ltr'>Nilo,</span> <span class='ocrx_word' id='word_1_211' title='bbox 209 2915 281 2964; x_wconf 88' lang='lat' dir='ltr'>intra</span> <span class='ocrx_word' id='word_1_212' title='bbox 295 2913 398 2964; x_wconf 88' lang='lat' dir='ltr'>alveum</span> <span class='ocrx_word' id='word_1_213' title='bbox 411 2926 527 2985; x_wconf 89' lang='lat' dir='ltr'>recepto.</span> <span class='ocrx_word' id='word_1_214' title='bbox 540 2916 580 2967; x_wconf 90' lang='lat' dir='ltr'>De</span> 
     </span>
    </p>
   </div>
   <div class='ocr_carea' id='block_1_16' title="bbox 5 2992 581 3144">
    <p class='ocr_par' dir='ltr' id='par_1_16' title="bbox 5 2992 581 3144">
     <span class='ocr_line' id='line_1_31' title="bbox 5 2992 579 3070; baseline 0.005 -29"><span class='ocrx_word' id='word_1_215' title='bbox 5 3027 6 3070; x_wconf 56' lang='lat'><em>5</em></span> <span class='ocrx_word' id='word_1_216' title='bbox 82 2992 200 3062; x_wconf 69' lang='lat' dir='ltr'>Mesopo</span> <span class='ocrx_word' id='word_1_217' title='bbox 213 3011 237 3042; x_wconf 88' lang='lat' dir='ltr'>v.</span> <span class='ocrx_word' id='word_1_218' title='bbox 251 2992 286 3044; x_wconf 87' lang='lat' dir='ltr'>ad</span> <span class='ocrx_word' id='word_1_219' title='bbox 300 2993 421 3062; x_wconf 80' lang='lat' dir='ltr'>vl1,69r</span> <span class='ocrx_word' id='word_1_220' title='bbox 436 2994 497 3044; x_wconf 84' lang='lat' dir='ltr'>Exc.</span> <span class='ocrx_word' id='word_1_221' title='bbox 511 2995 579 3044; x_wconf 78' lang='lat' dir='ltr'>Vlll.</span> 
     </span>
     <span class='ocr_line' id='line_1_32' title="bbox 82 3072 581 3144; baseline 0.004 -22"><span class='ocrx_word' id='word_1_222' title='bbox 82 3101 118 3110; x_wconf 94' lang='lat'>-</span> <span class='ocrx_word' id='word_1_223' title='bbox 128 3073 168 3123; x_wconf 81' lang='lat'>26.</span> <span class='ocrx_word' id='word_1_224' title='bbox 180 3072 269 3144; x_wconf 69' lang='lat' dir='ltr'>pictai</span> <span class='ocrx_word' id='word_1_225' title='bbox 277 3072 366 3136; x_wconf 83' lang='lat' dir='ltr'>vestis,</span> <span class='ocrx_word' id='word_1_226' title='bbox 380 3074 439 3142; x_wconf 89' lang='lat' dir='ltr'>qui,</span> <span class='ocrx_word' id='word_1_227' title='bbox 448 3085 477 3123; x_wconf 88' lang='lat' dir='ltr'>ut</span> <span class='ocrx_word' id='word_1_228' title='bbox 490 3074 581 3124; x_wconf 86' lang='lat' dir='ltr'>Etrus-</span> 
     </span>
    </p>
   </div>
   <div class='ocr_carea' id='block_1_17' title="bbox 83 3151 582 3215">
    <p class='ocr_par' dir='ltr' id='par_1_17' title="bbox 83 3151 582 3215">
     <span class='ocr_line' id='line_1_33' title="bbox 83 3151 582 3215; baseline 0 -11"><span class='ocrx_word' id='word_1_229' title='bbox 83 3169 189 3215; x_wconf 88' lang='lat' dir='ltr'>eorum,</span> <span class='ocrx_word' id='word_1_230' title='bbox 204 3154 243 3203; x_wconf 88' lang='lat' dir='ltr'>ita</span> <span class='ocrx_word' id='word_1_231' title='bbox 254 3151 368 3204; x_wconf 87' lang='lat' dir='ltr'>aliorum</span> <span class='ocrx_word' id='word_1_232' title='bbox 381 3152 510 3204; x_wconf 84' lang='lat' dir='ltr'>Italorum</span> <span class='ocrx_word' id='word_1_233' title='bbox 523 3171 582 3204; x_wconf 90' lang='lat' dir='ltr'>mos</span> 
     </span>
    </p>
   </div>
   <div class='ocr_carea' id='block_1_18' title="bbox 5 3229 581 3304">
    <p class='ocr_par' dir='ltr' id='par_1_18' title="bbox 5 3229 581 3304">
     <span class='ocr_line' id='line_1_34' title="bbox 5 3229 581 3304; baseline -0.002 -21"><span class='ocrx_word' id='word_1_234' title='bbox 5 3257 6 3262; x_wconf 45' lang='lat'>¹</span> <span class='ocrx_word' id='word_1_235' title='bbox 83 3249 140 3284; x_wconf 88' lang='lat' dir='ltr'>esse</span> <span class='ocrx_word' id='word_1_236' title='bbox 151 3230 259 3294; x_wconf 85' lang='lat' dir='ltr'>debuit,</span> <span class='ocrx_word' id='word_1_237' title='bbox 275 3243 303 3281; x_wconf 91' lang='lat' dir='ltr'>ut</span> <span class='ocrx_word' id='word_1_238' title='bbox 315 3229 432 3282; x_wconf 87' lang='lat' dir='ltr'>vestibus</span> <span class='ocrx_word' id='word_1_239' title='bbox 440 3233 581 3304; x_wconf 85' lang='lat' dir='ltr'>variegatis</span> 
     </span>
    </p>
   </div>
   <div class='ocr_carea' id='block_1_19' title="bbox 85 3310 580 3364">
    <p class='ocr_par' dir='ltr' id='par_1_19' title="bbox 85 3310 580 3364">
     <span class='ocr_line' id='line_1_35' title="bbox 85 3310 580 3364; baseline 0 -2"><span class='ocrx_word' id='word_1_240' title='bbox 85 3310 173 3362; x_wconf 87' lang='lat' dir='ltr'>colore</span> <span class='ocrx_word' id='word_1_241' title='bbox 187 3323 215 3362; x_wconf 91' lang='lat' dir='ltr'>et</span> <span class='ocrx_word' id='word_1_242' title='bbox 227 3322 330 3362; x_wconf 85' lang='lat' dir='ltr'>textura</span> <span class='ocrx_word' id='word_1_243' title='bbox 342 3322 487 3362; x_wconf 85' lang='lat' dir='ltr'>uterentur.</span> <span class='ocrx_word' id='word_1_244' title='bbox 495 3341 529 3350; x_wconf 89' lang='lat'>—</span> <span class='ocrx_word' id='word_1_245' title='bbox 539 3314 580 3364; x_wconf 80' lang='lat'>28.</span> 
     </span>
    </p>
   </div>
   <div class='ocr_carea' id='block_1_20' title="bbox 5 3367 582 3618">
    <p class='ocr_par' dir='ltr' id='par_1_20' title="bbox 5 3367 582 3618">
     <span class='ocr_line' id='line_1_36' title="bbox 5 3367 582 3459; baseline 0.009 -22"><span class='ocrx_word' id='word_1_246' title='bbox 5 3367 6 3448; x_wconf 69' lang='grc' dir='ltr'>ζ</span> <span class='ocrx_word' id='word_1_247' title='bbox 86 3389 237 3457; x_wconf 68' lang='lat' dir='ltr'>cyrrum,</span> <span class='ocrx_word' id='word_1_248' title='bbox 259 3389 313 3442; x_wconf 78' lang='lat' dir='ltr'>aa,</span> <span class='ocrx_word' id='word_1_249' title='bbox 343 3407 403 3459; x_wconf 76' lang='lat' dir='ltr'>sup.</span> <span class='ocrx_word' id='word_1_250' title='bbox 427 3390 490 3454; x_wconf 86' lang='lat' dir='ltr'>vn,</span> <span class='ocrx_word' id='word_1_251' title='bbox 514 3391 582 3458; x_wconf 75' lang='lat'>484,</span> 
     </span>
     <span class='ocr_line' id='line_1_37' title="bbox 5 3455 582 3539; baseline 0.003 -21"><span class='ocrx_word' id='word_1_252' title='bbox 5 3455 6 3518; x_wconf 76' lang='lat' dir='ltr'>l</span> <span class='ocrx_word' id='word_1_253' title='bbox 85 3467 144 3518; x_wconf 80' lang='lat'>532.</span> <span class='ocrx_word' id='word_1_254' title='bbox 159 3479 257 3539; x_wconf 79' lang='lat' dir='ltr'>septem</span> <span class='ocrx_word' id='word_1_255' title='bbox 275 3486 380 3535; x_wconf 81' lang='lat' dir='ltr'>surgens</span> <span class='ocrx_word' id='word_1_256' title='bbox 397 3468 533 3520; x_wconf 79' lang='lat' dir='ltr'>amnibus:</span> <span class='ocrx_word' id='word_1_257' title='bbox 548 3470 582 3521; x_wconf 88' lang='lat' dir='ltr'>ad</span> 
     </span>
     <span class='ocr_line' id='line_1_38' title="bbox 5 3547 582 3618; baseline 0.005 -20"><span class='ocrx_word' id='word_1_258' title='bbox 5 3593 6 3602; x_wconf 17' lang='grc' dir='ltr'><strong>ἶ</strong></span> <span class='ocrx_word' id='word_1_259' title='bbox 84 3547 152 3598; x_wconf 81' lang='lat' dir='ltr'>ostis</span> <span class='ocrx_word' id='word_1_260' title='bbox 162 3547 230 3598; x_wconf 87' lang='lat' dir='ltr'>solet</span> <span class='ocrx_word' id='word_1_261' title='bbox 242 3548 348 3614; x_wconf 82' lang='lat' dir='ltr'>referri,</span> <span class='ocrx_word' id='word_1_262' title='bbox 360 3561 503 3618; x_wconf 85' lang='lat' dir='ltr'>utseptem</span> <span class='ocrx_word' id='word_1_263' title='bbox 513 3551 582 3601; x_wconf 85' lang='lat' dir='ltr'>ostia</span> 
     </span>
    </p>
   </div>
   <div class='ocr_carea' id='block_1_21' title="bbox 83 3624 583 3699">
    <p class='ocr_par' dir='ltr' id='par_1_21' title="bbox 83 3624 583 3699">
     <span class='ocr_line' id='line_1_39' title="bbox 83 3624 583 3699; baseline 0.006 -23"><span class='ocrx_word' id='word_1_264' title='bbox 83 3624 182 3678; x_wconf 89' lang='lat' dir='ltr'>habeat</span> <span class='ocrx_word' id='word_1_265' title='bbox 196 3625 316 3697; x_wconf 81' lang='lat' dir='ltr'>Ganges,</span> <span class='ocrx_word' id='word_1_266' title='bbox 336 3626 384 3678; x_wconf 89' lang='lat' dir='ltr'>sed</span> <span class='ocrx_word' id='word_1_267' title='bbox 398 3638 529 3699; x_wconf 85' lang='lat' dir='ltr'>repugnat</span> <span class='ocrx_word' id='word_1_268' title='bbox 540 3647 583 3680; x_wconf 82' lang='lat' dir='ltr'>ve-</span> 
     </span>
    </p>
   </div>
   <div class='ocr_carea' id='block_1_22' title="bbox 5 3689 583 3776">
    <p class='ocr_par' dir='ltr' id='par_1_22' title="bbox 5 3689 583 3776">
     <span class='ocr_line' id='line_1_40' title="bbox 5 3689 583 3776; baseline 0.003 -20"><span class='ocrx_word' id='word_1_269' title='bbox 5 3689 6 3718; x_wconf 56' lang='lat'><em>³</em></span> <span class='ocrx_word' id='word_1_270' title='bbox 85 3717 171 3756; x_wconf 85' lang='lat' dir='ltr'>terum</span> <span class='ocrx_word' id='word_1_271' title='bbox 187 3704 254 3756; x_wconf 84' lang='lat' dir='ltr'>fides</span> <span class='ocrx_word' id='word_1_272' title='bbox 274 3717 300 3757; x_wconf 91' lang='lat' dir='ltr'>et</span> <span class='ocrx_word' id='word_1_273' title='bbox 317 3707 423 3776; x_wconf 90' lang='lat' dir='ltr'>opinio,</span> <span class='ocrx_word' id='word_1_274' title='bbox 437 3724 583 3776; x_wconf 73' lang='lat' dir='ltr'>quarinum</span> 
     </span>
    </p>
   </div>
   <div class='ocr_carea' id='block_1_23' title="bbox 85 3783 584 3838">
    <p class='ocr_par' dir='ltr' id='par_1_23' title="bbox 85 3783 584 3838">
     <span class='ocr_line' id='line_1_41' title="bbox 85 3783 584 3838; baseline 0.004 -4"><span class='ocrx_word' id='word_1_275' title='bbox 85 3796 187 3836; x_wconf 87' lang='lat' dir='ltr'>tautum</span> <span class='ocrx_word' id='word_1_276' title='bbox 202 3783 317 3836; x_wconf 85' lang='lat' dir='ltr'>fluminis</span> <span class='ocrx_word' id='word_1_277' title='bbox 335 3804 364 3836; x_wconf 91' lang='lat' dir='ltr'>os</span> <span class='ocrx_word' id='word_1_278' title='bbox 379 3803 435 3838; x_wconf 89' lang='lat' dir='ltr'>esse</span> <span class='ocrx_word' id='word_1_279' title='bbox 455 3786 584 3838; x_wconf 90' lang='lat' dir='ltr'>creditum</span> 
     </span>
    </p>
   </div>
   <div class='ocr_carea' id='block_1_24' title="bbox 5 3877 582 3938">
    <p class='ocr_par' dir='ltr' id='par_1_24' title="bbox 5 3877 582 3938">
     <span class='ocr_line' id='line_1_42' title="bbox 5 3877 582 3938; baseline 0.012 -26"><span class='ocrx_word' id='word_1_280' title='bbox 5 3899 6 3934; x_wconf 38' lang='grc' dir='ltr'>ἰ</span> <span class='ocrx_word' id='word_1_281' title='bbox 84 3877 137 3924; x_wconf 84' lang='lat' dir='ltr'>est;</span> <span class='ocrx_word' id='word_1_282' title='bbox 152 3877 285 3935; x_wconf 70' lang='lat' dir='ltr'>repugnat</span> <span class='ocrx_word' id='word_1_283' title='bbox 295 3882 401 3935; x_wconf 75' lang='lat' dir='ltr'>quoque</span> <span class='ocrx_word' id='word_1_284' title='bbox 411 3883 462 3916; x_wconf 77' lang='lat' dir='ltr'>VOX</span> <span class='ocrx_word' id='word_1_285' title='bbox 470 3883 582 3938; x_wconf 61' lang='lat' dir='ltr'>sltrqem·</span> 
     </span>
    </p>
   </div>
   <div class='ocr_carea' id='block_1_25' title="bbox 83 3940 586 4096">
    <p class='ocr_par' dir='ltr' id='par_1_25' title="bbox 83 3940 586 4096">
     <span class='ocr_line' id='line_1_43' title="bbox 83 3940 585 3999; baseline 0.002 -7"><span class='ocrx_word' id='word_1_286' title='bbox 83 3940 129 3992; x_wconf 80' lang='lat' dir='ltr'>sin</span> <span class='ocrx_word' id='word_1_287' title='bbox 148 3942 183 3994; x_wconf 91' lang='lat' dir='ltr'>ad</span> <span class='ocrx_word' id='word_1_288' title='bbox 204 3943 293 3994; x_wconf 85' lang='lat' dir='ltr'>fontes</span> <span class='ocrx_word' id='word_1_289' title='bbox 313 3961 438 3994; x_wconf 85' lang='lat' dir='ltr'>revoces:</span> <span class='ocrx_word' id='word_1_290' title='bbox 462 3947 585 3999; x_wconf 84' lang='lat' dir='ltr'>convenit</span> 
     </span>
     <span class='ocr_line' id='line_1_44' title="bbox 83 4022 586 4096; baseline -0.004 -18"><span class='ocrx_word' id='word_1_291' title='bbox 83 4037 142 4078; x_wconf 78' lang='lat' dir='ltr'>wc.</span> <span class='ocrx_word' id='word_1_292' title='bbox 166 4040 273 4095; x_wconf 74' lang='lat' dir='ltr'>surgens</span> <span class='ocrx_word' id='word_1_293' title='bbox 294 4022 328 4074; x_wconf 88' lang='lat' dir='ltr'>de</span> <span class='ocrx_word' id='word_1_294' title='bbox 346 4023 506 4094; x_wconf 74' lang='lat' dir='ltr'>scaturigine</span> <span class='ocrx_word' id='word_1_295' title='bbox 524 4042 586 4096; x_wconf 84' lang='lat' dir='ltr'>pro·</span> 
     </span>
    </p>
   </div>
   <div class='ocr_carea' id='block_1_26' title="bbox 623 1641 1124 2352">
    <p class='ocr_par' dir='ltr' id='par_1_26' title="bbox 623 1641 1124 2352">
     <span class='ocr_line' id='line_1_45' title="bbox 624 1641 1121 1716; baseline -0.008 -21"><span class='ocrx_word' id='word_1_296' title='bbox 624 1647 681 1716; x_wconf 90' lang='lat' dir='ltr'>prie</span> <span class='ocrx_word' id='word_1_297' title='bbox 694 1645 746 1697; x_wconf 92' lang='lat' dir='ltr'>dici</span> <span class='ocrx_word' id='word_1_298' title='bbox 760 1645 874 1696; x_wconf 89' lang='lat' dir='ltr'>solitum.</span> <span class='ocrx_word' id='word_1_299' title='bbox 888 1641 993 1693; x_wconf 84' lang='lat' dir='ltr'>Attalis</span> <span class='ocrx_word' id='word_1_300' title='bbox 1006 1643 1121 1692; x_wconf 85' lang='lat' dir='ltr'>fontium</span> 
     </span>
     <span class='ocr_line' id='line_1_46' title="bbox 624 1720 1121 1776; baseline -0.01 -1"><span class='ocrx_word' id='word_1_301' title='bbox 624 1743 749 1776; x_wconf 89' lang='lat' dir='ltr'>numerus</span> <span class='ocrx_word' id='word_1_302' title='bbox 760 1723 823 1776; x_wconf 89' lang='lat' dir='ltr'>alibi</span> <span class='ocrx_word' id='word_1_303' title='bbox 833 1741 887 1774; x_wconf 91' lang='lat' dir='ltr'>non</span> <span class='ocrx_word' id='word_1_304' title='bbox 895 1733 1064 1773; x_wconf 88' lang='lat' dir='ltr'>memoratur.</span> <span class='ocrx_word' id='word_1_305' title='bbox 1074 1720 1121 1770; x_wconf 90' lang='lat' dir='ltr'>Su·</span> 
     </span>
     <span class='ocr_line' id='line_1_47' title="bbox 623 1801 1121 1876; baseline -0.008 -20"><span class='ocrx_word' id='word_1_306' title='bbox 623 1817 725 1876; x_wconf 75' lang='lat' dir='ltr'>petest,</span> <span class='ocrx_word' id='word_1_307' title='bbox 736 1817 765 1856; x_wconf 87' lang='lat' dir='ltr'>ut</span> <span class='ocrx_word' id='word_1_308' title='bbox 775 1821 863 1854; x_wconf 84' lang='lat' dir='ltr'>amnes</span> <span class='ocrx_word' id='word_1_309' title='bbox 872 1803 924 1854; x_wconf 84' lang='lat' dir='ltr'>sint</span> <span class='ocrx_word' id='word_1_310' title='bbox 933 1801 1014 1864; x_wconf 84' lang='lat' dir='ltr'>alvei,</span> <span class='ocrx_word' id='word_1_311' title='bbox 1025 1801 1121 1872; x_wconf 81' lang='lat' dir='ltr'>quibus</span> 
     </span>
     <span class='ocr_line' id='line_1_48' title="bbox 624 1880 1124 1954; baseline -0.016 -18"><span class='ocrx_word' id='word_1_312' title='bbox 624 1884 745 1954; x_wconf 72' lang='lat' dir='ltr'>Ganges,</span> <span class='ocrx_word' id='word_1_313' title='bbox 758 1882 918 1945; x_wconf 77' lang='lat' dir='ltr'>ementibus</span> <span class='ocrx_word' id='word_1_314' title='bbox 931 1880 1039 1930; x_wconf 90' lang='lat' dir='ltr'>Emodis</span> <span class='ocrx_word' id='word_1_315' title='bbox 1055 1898 1124 1950; x_wconf 84' lang='lat' dir='ltr'>pro·</span> 
     </span>
     <span class='ocr_line' id='line_1_49' title="bbox 626 1957 1122 2034; baseline -0.01 -21"><span class='ocrx_word' id='word_1_316' title='bbox 626 1979 744 2034; x_wconf 79' lang='lat' dir='ltr'>gressus,</span> <span class='ocrx_word' id='word_1_317' title='bbox 757 1974 783 2013; x_wconf 89' lang='lat' dir='ltr'>et</span> <span class='ocrx_word' id='word_1_318' title='bbox 794 1979 844 2032; x_wconf 87' lang='lat' dir='ltr'>per</span> <span class='ocrx_word' id='word_1_319' title='bbox 854 1957 1122 2030; x_wconf 87' lang='lat' dir='ltr'>planitiemloeorum</span> 
     </span>
     <span class='ocr_line' id='line_1_50' title="bbox 626 2037 1123 2109; baseline -0.008 -17"><span class='ocrx_word' id='word_1_320' title='bbox 626 2041 729 2094; x_wconf 88' lang='lat' dir='ltr'>delatus</span> <span class='ocrx_word' id='word_1_321' title='bbox 743 2043 843 2092; x_wconf 80' lang='lat' dir='ltr'>fertur:</span> <span class='ocrx_word' id='word_1_322' title='bbox 855 2037 929 2109; x_wconf 86' lang='lat' dir='ltr'>quod</span> <span class='ocrx_word' id='word_1_323' title='bbox 943 2057 1004 2088; x_wconf 88' lang='lat' dir='ltr'>cum</span> <span class='ocrx_word' id='word_1_324' title='bbox 1016 2037 1068 2088; x_wconf 82' lang='lat' dir='ltr'>lide</span> <span class='ocrx_word' id='word_1_325' title='bbox 1079 2056 1123 2088; x_wconf 84' lang='lat' dir='ltr'>ve·</span> 
     </span>
     <span class='ocr_line' id='line_1_51' title="bbox 626 2109 1121 2179; baseline -0.008 -9"><span class='ocrx_word' id='word_1_326' title='bbox 626 2133 712 2172; x_wconf 88' lang='lat' dir='ltr'>terum</span> <span class='ocrx_word' id='word_1_327' title='bbox 733 2109 868 2179; x_wconf 73' lang='lat' dir='ltr'>contieni13</span> <span class='ocrx_word' id='word_1_328' title='bbox 891 2119 940 2169; x_wconf 91' lang='lat' dir='ltr'>etsi</span> <span class='ocrx_word' id='word_1_329' title='bbox 959 2116 992 2168; x_wconf 92' lang='lat' dir='ltr'>de</span> <span class='ocrx_word' id='word_1_330' title='bbox 1010 2134 1121 2168; x_wconf 88' lang='lat' dir='ltr'>nurnero</span> 
     </span>
     <span class='ocr_line' id='line_1_52' title="bbox 627 2198 1123 2266; baseline -0.012 -14"><span class='ocrx_word' id='word_1_331' title='bbox 627 2200 762 2252; x_wconf 80' lang='lat' dir='ltr'>alveorum</span> <span class='ocrx_word' id='word_1_332' title='bbox 773 2198 846 2251; x_wconf 90' lang='lat' dir='ltr'>haud</span> <span class='ocrx_word' id='word_1_333' title='bbox 858 2199 995 2262; x_wconf 84' lang='lat' dir='ltr'>convenit,</span> <span class='ocrx_word' id='word_1_334' title='bbox 1012 2215 1061 2248; x_wconf 89' lang='lat' dir='ltr'>nec</span> <span class='ocrx_word' id='word_1_335' title='bbox 1073 2215 1123 2266; x_wconf 92' lang='lat' dir='ltr'>pro</span> 
     </span>
     <span class='ocr_line' id='line_1_53' title="bbox 627 2277 1124 2352; baseline -0.004 -22"><span class='ocrx_word' id='word_1_336' title='bbox 627 2298 720 2331; x_wconf 89' lang='lat' dir='ltr'>cursus</span> <span class='ocrx_word' id='word_1_337' title='bbox 737 2277 902 2352; x_wconf 71' lang='lat' dir='ltr'>longitudine</span> <span class='ocrx_word' id='word_1_338' title='bbox 918 2291 943 2329; x_wconf 90' lang='lat' dir='ltr'>et</span> <span class='ocrx_word' id='word_1_339' title='bbox 958 2279 1065 2328; x_wconf 86' lang='lat' dir='ltr'>sinuosa</span> <span class='ocrx_word' id='word_1_340' title='bbox 1077 2296 1124 2328; x_wconf 81' lang='lat' dir='ltr'>va-</span> 
     </span>
    </p>
   </div>
   <div class='ocr_carea' id='block_1_27' title="bbox 627 2356 1216 2429">
    <p class='ocr_par' dir='ltr' id='par_1_27' title="bbox 627 2356 1216 2429">
     <span class='ocr_line' id='line_1_54' title="bbox 627 2356 1216 2429; baseline -0.005 -19"><span class='ocrx_word' id='word_1_341' title='bbox 627 2363 720 2412; x_wconf 91' lang='lat' dir='ltr'>rietate</span> <span class='ocrx_word' id='word_1_342' title='bbox 729 2362 870 2412; x_wconf 90' lang='lat' dir='ltr'>convenire</span> <span class='ocrx_word' id='word_1_343' title='bbox 878 2358 973 2429; x_wconf 89' lang='lat' dir='ltr'>potuit.</span> <span class='ocrx_word' id='word_1_344' title='bbox 985 2357 1019 2407; x_wconf 85' lang='lat' dir='ltr'>At</span> <span class='ocrx_word' id='word_1_345' title='bbox 1029 2359 1056 2408; x_wconf 90' lang='lat' dir='ltr'>in</span> <span class='ocrx_word' id='word_1_346' title='bbox 1068 2356 1124 2428; x_wconf 77' lang='lat' dir='ltr'>pla·</span> <span class='ocrx_word' id='word_1_347' title='bbox 1214 2364 1216 2370; x_wconf 82' lang='grc'>’</span> 
     </span>
    </p>
   </div>
   <div class='ocr_carea' id='block_1_28' title="bbox 626 2429 1126 2506">
    <p class='ocr_par' dir='ltr' id='par_1_28' title="bbox 626 2429 1126 2506">
     <span class='ocr_line' id='line_1_55' title="bbox 626 2429 1126 2506; baseline -0.01 -16"><span class='ocrx_word' id='word_1_348' title='bbox 626 2440 667 2490; x_wconf 91' lang='lat' dir='ltr'>nis</span> <span class='ocrx_word' id='word_1_349' title='bbox 682 2439 747 2490; x_wconf 92' lang='lat' dir='ltr'>locis</span> <span class='ocrx_word' id='word_1_350' title='bbox 765 2440 849 2490; x_wconf 86' lang='lat' dir='ltr'>fertur</span> <span class='ocrx_word' id='word_1_351' title='bbox 861 2439 916 2506; x_wconf 91' lang='lat' dir='ltr'>jam</span> <span class='ocrx_word' id='word_1_352' title='bbox 932 2435 1024 2488; x_wconf 85' lang='lat' dir='ltr'>sedatis</span> <span class='ocrx_word' id='word_1_353' title='bbox 1034 2429 1126 2486; x_wconf 79' lang='lat' dir='ltr'>omni-</span> 
     </span>
    </p>
   </div>
   <div class='ocr_carea' id='block_1_29' title="bbox 628 2518 1211 2581">
    <p class='ocr_par' dir='ltr' id='par_1_29' title="bbox 628 2518 1211 2581">
     <span class='ocr_line' id='line_1_56' title="bbox 628 2518 1211 2581; baseline -0.005 -12"><span class='ocrx_word' id='word_1_354' title='bbox 628 2519 689 2581; x_wconf 81' lang='lat' dir='ltr'>bus,</span> <span class='ocrx_word' id='word_1_355' title='bbox 702 2518 792 2570; x_wconf 87' lang='lat' dir='ltr'>sedate</span> <span class='ocrx_word' id='word_1_356' title='bbox 802 2537 833 2569; x_wconf 88' lang='lat' dir='ltr'>ac</span> <span class='ocrx_word' id='word_1_357' title='bbox 845 2518 938 2578; x_wconf 86' lang='lat' dir='ltr'>tacite;</span> <span class='ocrx_word' id='word_1_358' title='bbox 952 2518 1032 2568; x_wconf 85' lang='lat' dir='ltr'>etiarn</span> <span class='ocrx_word' id='word_1_359' title='bbox 1044 2528 1124 2567; x_wconf 90' lang='lat' dir='ltr'>aucto</span> <span class='ocrx_word' id='word_1_360' title='bbox 1205 2559 1211 2566; x_wconf 77' lang='grc'>.</span> 
     </span>
    </p>
   </div>
   <div class='ocr_carea' id='block_1_30' title="bbox 628 2594 1129 4082">
    <p class='ocr_par' dir='ltr' id='par_1_30' title="bbox 628 2594 1129 4082">
     <span class='ocr_line' id='line_1_57' title="bbox 628 2594 1124 2665; baseline -0.006 -17"><span class='ocrx_word' id='word_1_361' title='bbox 628 2598 712 2660; x_wconf 85' lang='lat' dir='ltr'>solitis</span> <span class='ocrx_word' id='word_1_362' title='bbox 725 2599 787 2650; x_wconf 87' lang='lat' dir='ltr'>anni</span> <span class='ocrx_word' id='word_1_363' title='bbox 796 2596 898 2648; x_wconf 88' lang='lat' dir='ltr'>vicibus</span> <span class='ocrx_word' id='word_1_364' title='bbox 909 2596 999 2647; x_wconf 82' lang='lat' dir='ltr'>alveo:</span> <span class='ocrx_word' id='word_1_365' title='bbox 1011 2613 1064 2665; x_wconf 90' lang='lat' dir='ltr'>quo</span> <span class='ocrx_word' id='word_1_366' title='bbox 1075 2594 1124 2645; x_wconf 90' lang='lat' dir='ltr'>du-</span> 
     </span>
     <span class='ocr_line' id='line_1_58' title="bbox 628 2675 1124 2746; baseline -0.012 -18"><span class='ocrx_word' id='word_1_367' title='bbox 628 2695 688 2728; x_wconf 89' lang='lat' dir='ltr'>cere</span> <span class='ocrx_word' id='word_1_368' title='bbox 699 2676 804 2728; x_wconf 86' lang='lat' dir='ltr'>videtur</span> <span class='ocrx_word' id='word_1_369' title='bbox 815 2694 873 2727; x_wconf 90' lang='lat' dir='ltr'>voc.</span> <span class='ocrx_word' id='word_1_370' title='bbox 886 2693 991 2746; x_wconf 70' lang='lat' dir='ltr'>surgens</span> <span class='ocrx_word' id='word_1_371' title='bbox 996 2711 1004 2737; x_wconf 94' lang='lat'>,</span> <span class='ocrx_word' id='word_1_372' title='bbox 1022 2675 1124 2724; x_wconf 88' lang='lat' dir='ltr'>incres-</span> 
     </span>
     <span class='ocr_line' id='line_1_59' title="bbox 629 2753 1124 2825; baseline -0.012 -18"><span class='ocrx_word' id='word_1_373' title='bbox 629 2771 690 2808; x_wconf 78' lang='lat' dir='ltr'>cens</span> <span class='ocrx_word' id='word_1_374' title='bbox 697 2773 825 2825; x_wconf 86' lang='lat' dir='ltr'>aquarum</span> <span class='ocrx_word' id='word_1_375' title='bbox 834 2767 922 2819; x_wconf 88' lang='lat' dir='ltr'>auctu,</span> <span class='ocrx_word' id='word_1_376' title='bbox 929 2766 955 2804; x_wconf 91' lang='lat' dir='ltr'>et</span> <span class='ocrx_word' id='word_1_377' title='bbox 963 2753 1047 2804; x_wconf 86' lang='lat' dir='ltr'>eluvie</span> <span class='ocrx_word' id='word_1_378' title='bbox 1055 2753 1124 2802; x_wconf 87' lang='lat' dir='ltr'>ultra</span> 
     </span>
     <span class='ocr_line' id='line_1_60' title="bbox 628 2834 1124 2924; baseline -0.012 -38"><span class='ocrx_word' id='word_1_379' title='bbox 628 2837 700 2905; x_wconf 82' lang='lat' dir='ltr'>ripas</span> <span class='ocrx_word' id='word_1_380' title='bbox 712 2836 791 2886; x_wconf 83' lang='lat' dir='ltr'>facta.</span> <span class='ocrx_word' id='word_1_381' title='bbox 800 2837 889 2886; x_wconf 86' lang='lat' dir='ltr'>Potest</span> <span class='ocrx_word' id='word_1_382' title='bbox 899 2846 986 2884; x_wconf 90' lang='lat' dir='ltr'>tamen</span> <span class='ocrx_word' id='word_1_383' title='bbox 993 2849 1055 2924; x_wconf 59' lang='lat' dir='ltr'>gesse</span> <span class='ocrx_word' id='word_1_384' title='bbox 1066 2834 1124 2882; x_wconf 90' lang='lat' dir='ltr'>sim-</span> 
     </span>
     <span class='ocr_line' id='line_1_61' title="bbox 628 2911 1124 2984; baseline -0.012 -19"><span class='ocrx_word' id='word_1_385' title='bbox 628 2914 733 2984; x_wconf 87' lang='lat' dir='ltr'>pliciter</span> <span class='ocrx_word' id='word_1_386' title='bbox 742 2933 805 2984; x_wconf 89' lang='lat' dir='ltr'>pro,</span> <span class='ocrx_word' id='word_1_387' title='bbox 818 2911 957 2973; x_wconf 85' lang='lat' dir='ltr'>incedens;</span> <span class='ocrx_word' id='word_1_388' title='bbox 975 2913 1024 2962; x_wconf 90' lang='lat' dir='ltr'>etsi</span> <span class='ocrx_word' id='word_1_389' title='bbox 1035 2911 1124 2960; x_wconf 92' lang='lat' dir='ltr'>notio-</span> 
     </span>
     <span class='ocr_line' id='line_1_62' title="bbox 629 2990 1127 3058; baseline -0.008 -15"><span class='ocrx_word' id='word_1_390' title='bbox 629 3012 689 3044; x_wconf 87' lang='lat' dir='ltr'>nem</span> <span class='ocrx_word' id='word_1_391' title='bbox 713 3005 806 3044; x_wconf 81' lang='lat' dir='ltr'>auctus</span> <span class='ocrx_word' id='word_1_392' title='bbox 831 2991 984 3058; x_wconf 85' lang='lat' dir='ltr'>adjunctam</span> <span class='ocrx_word' id='word_1_393' title='bbox 1010 3006 1067 3040; x_wconf 89' lang='lat' dir='ltr'>esse</span> <span class='ocrx_word' id='word_1_394' title='bbox 1089 2990 1127 3039; x_wconf 88' lang='lat' dir='ltr'>vi-</span> 
     </span>
     <span class='ocr_line' id='line_1_63' title="bbox 630 3067 1126 3142; baseline -0.004 -19"><span class='ocrx_word' id='word_1_395' title='bbox 630 3072 715 3123; x_wconf 88' lang='lat' dir='ltr'>deam.</span> <span class='ocrx_word' id='word_1_396' title='bbox 728 3073 811 3142; x_wconf 86' lang='lat' dir='ltr'>Igitur</span> <span class='ocrx_word' id='word_1_397' title='bbox 824 3071 928 3140; x_wconf 84' lang='lat' dir='ltr'>Ganges</span> <span class='ocrx_word' id='word_1_398' title='bbox 945 3067 1006 3120; x_wconf 90' lang='lat' dir='ltr'>inde</span> <span class='ocrx_word' id='word_1_399' title='bbox 1019 3068 1126 3121; x_wconf 83' lang='lat' dir='ltr'>abortu</span> 
     </span>
     <span class='ocr_line' id='line_1_64' title="bbox 630 3147 1126 3220; baseline 0.004 -20"><span class='ocrx_word' id='word_1_400' title='bbox 630 3163 731 3220; x_wconf 85' lang='lat' dir='ltr'>septem</span> <span class='ocrx_word' id='word_1_401' title='bbox 742 3150 821 3201; x_wconf 88' lang='lat' dir='ltr'>alveis</span> <span class='ocrx_word' id='word_1_402' title='bbox 831 3147 931 3200; x_wconf 87' lang='lat' dir='ltr'>incedit</span> <span class='ocrx_word' id='word_1_403' title='bbox 943 3147 1033 3198; x_wconf 88' lang='lat' dir='ltr'>sedate</span> <span class='ocrx_word' id='word_1_404' title='bbox 1043 3167 1073 3200; x_wconf 86' lang='lat' dir='ltr'>ac</span> <span class='ocrx_word' id='word_1_405' title='bbox 1086 3161 1126 3202; x_wconf 83' lang='lat' dir='ltr'>ta-</span> 
     </span>
     <span class='ocr_line' id='line_1_65' title="bbox 631 3231 1127 3302; baseline 0.002 -19"><span class='ocrx_word' id='word_1_406' title='bbox 631 3235 690 3283; x_wconf 89' lang='lat' dir='ltr'>cite.</span> <span class='ocrx_word' id='word_1_407' title='bbox 711 3233 781 3282; x_wconf 85' lang='lat' dir='ltr'>Bene</span> <span class='ocrx_word' id='word_1_408' title='bbox 800 3231 919 3283; x_wconf 87' lang='lat' dir='ltr'>Servius:</span> <span class='ocrx_word' id='word_1_409' title='bbox 935 3233 1035 3302; x_wconf 78' lang='lat' dir='ltr'>Ganges</span> <span class='ocrx_word' id='word_1_410' title='bbox 1046 3261 1080 3269; x_wconf 91' lang='lat'><em>-</em></span> <span class='ocrx_word' id='word_1_411' title='bbox 1091 3250 1127 3284; x_wconf 87' lang='lat' dir='ltr'>se-</span> 
     </span>
     <span class='ocr_line' id='line_1_66' title="bbox 631 3311 1125 3380; baseline 0.004 -18"><span class='ocrx_word' id='word_1_412' title='bbox 631 3313 746 3363; x_wconf 82' lang='lat' dir='ltr'>cundum</span> <span class='ocrx_word' id='word_1_413' title='bbox 768 3313 891 3363; x_wconf 86' lang='lat' dir='ltr'>Senecam</span> <span class='ocrx_word' id='word_1_414' title='bbox 910 3311 937 3362; x_wconf 87' lang='grc' dir='ltr'>ἰη</span> <span class='ocrx_word' id='word_1_415' title='bbox 955 3311 1007 3362; x_wconf 83' lang='lat' dir='ltr'>st&#39;ttt</span> <span class='ocrx_word' id='word_1_416' title='bbox 1023 3313 1125 3380; x_wconf 76' lang='lat' dir='ltr'>Indice,</span> 
     </span>
     <span class='ocr_line' id='line_1_67' title="bbox 631 3389 1127 3465; baseline 0 -23"><span class='ocrx_word' id='word_1_417' title='bbox 631 3408 723 3442; x_wconf 82' lang='lat' dir='ltr'>novem</span> <span class='ocrx_word' id='word_1_418' title='bbox 735 3389 900 3465; x_wconf 77' lang='lat' dir='ltr'>alveisflut&#39;t5</span> <span class='ocrx_word' id='word_1_419' title='bbox 916 3390 1057 3442; x_wconf 82' lang='lat' dir='ltr'>secundum</span> <span class='ocrx_word' id='word_1_420' title='bbox 1069 3391 1127 3442; x_wconf 89' lang='lat' dir='ltr'>Me·</span> 
     </span>
     <span class='ocr_line' id='line_1_68' title="bbox 632 3467 1127 3540; baseline 0.004 -20"><span class='ocrx_word' id='word_1_421' title='bbox 632 3469 688 3520; x_wconf 83' lang='lat' dir='ltr'>lam</span> <span class='ocrx_word' id='word_1_422' title='bbox 706 3469 751 3539; x_wconf 88' lang='lat' dir='ltr'>(in</span> <span class='ocrx_word' id='word_1_423' title='bbox 771 3488 824 3540; x_wconf 92' lang='lat' dir='ltr'>quo</span> <span class='ocrx_word' id='word_1_424' title='bbox 843 3482 931 3521; x_wconf 89' lang='lat' dir='ltr'>tamen</span> <span class='ocrx_word' id='word_1_425' title='bbox 954 3467 1028 3521; x_wconf 90' lang='lat' dir='ltr'>locus</span> <span class='ocrx_word' id='word_1_426' title='bbox 1046 3470 1127 3522; x_wconf 91' lang='lat' dir='ltr'>hodie</span> 
     </span>
     <span class='ocr_line' id='line_1_69' title="bbox 631 3549 1128 3620; baseline -0.002 -20"><span class='ocrx_word' id='word_1_427' title='bbox 631 3568 686 3600; x_wconf 90' lang='lat' dir='ltr'>non</span> <span class='ocrx_word' id='word_1_428' title='bbox 699 3549 787 3613; x_wconf 82' lang='lat' dir='ltr'>extat)</span> <span class='ocrx_word' id='word_1_429' title='bbox 806 3559 910 3618; x_wconf 81' lang='lat' dir='ltr'>septem.</span> <span class='ocrx_word' id='word_1_430' title='bbox 930 3551 1042 3600; x_wconf 92' lang='lat' dir='ltr'>Potuere</span> <span class='ocrx_word' id='word_1_431' title='bbox 1059 3567 1128 3620; x_wconf 93' lang='lat' dir='ltr'>quo-</span> 
     </span>
     <span class='ocr_line' id='line_1_70' title="bbox 632 3627 1128 3698; baseline 0.002 -21"><span class='ocrx_word' id='word_1_432' title='bbox 632 3645 699 3697; x_wconf 89' lang='lat' dir='ltr'>que,</span> <span class='ocrx_word' id='word_1_433' title='bbox 710 3645 790 3698; x_wconf 91' lang='lat' dir='ltr'>quum</span> <span class='ocrx_word' id='word_1_434' title='bbox 803 3627 892 3697; x_wconf 89' lang='lat' dir='ltr'>plures</span> <span class='ocrx_word' id='word_1_435' title='bbox 902 3628 991 3696; x_wconf 80' lang='lat' dir='ltr'>magni</span> <span class='ocrx_word' id='word_1_436' title='bbox 1001 3645 1090 3679; x_wconf 85' lang='lat' dir='ltr'>amnes</span> <span class='ocrx_word' id='word_1_437' title='bbox 1100 3631 1128 3678; x_wconf 92' lang='lat' dir='ltr'>in</span> 
     </span>
     <span class='ocr_line' id='line_1_71' title="bbox 631 3705 1128 3778; baseline 0.002 -21"><span class='ocrx_word' id='word_1_438' title='bbox 631 3707 756 3778; x_wconf 81' lang='lat' dir='ltr'>Gangem</span> <span class='ocrx_word' id='word_1_439' title='bbox 773 3705 939 3772; x_wconf 85' lang='lat' dir='ltr'>deferantur,</span> <span class='ocrx_word' id='word_1_440' title='bbox 965 3705 1057 3770; x_wconf 79' lang='lat' dir='ltr'>iidem,</span> <span class='ocrx_word' id='word_1_441' title='bbox 1081 3725 1128 3758; x_wconf 88' lang='lat' dir='ltr'>seu</span> 
     </span>
     <span class='ocr_line' id='line_1_72' title="bbox 632 3786 1127 3859; baseline 0 -21"><span class='ocrx_word' id='word_1_442' title='bbox 632 3787 754 3838; x_wconf 91' lang='lat' dir='ltr'>nonnulli</span> <span class='ocrx_word' id='word_1_443' title='bbox 766 3806 797 3838; x_wconf 83' lang='lat' dir='ltr'>ex</span> <span class='ocrx_word' id='word_1_444' title='bbox 808 3789 854 3852; x_wconf 83' lang='lat' dir='ltr'>iis,</span> <span class='ocrx_word' id='word_1_445' title='bbox 866 3805 916 3857; x_wconf 87' lang='lat' dir='ltr'>pro</span> <span class='ocrx_word' id='word_1_446' title='bbox 934 3786 1013 3838; x_wconf 84' lang='lat' dir='ltr'>alveis</span> <span class='ocrx_word' id='word_1_447' title='bbox 1030 3787 1127 3859; x_wconf 85' lang='lat' dir='ltr'>Gangis</span> 
     </span>
     <span class='ocr_line' id='line_1_73' title="bbox 633 3867 1129 3938; baseline 0 -20"><span class='ocrx_word' id='word_1_448' title='bbox 633 3867 741 3919; x_wconf 87' lang='lat' dir='ltr'>haberi:</span> <span class='ocrx_word' id='word_1_449' title='bbox 754 3867 837 3918; x_wconf 91' lang='lat' dir='ltr'>multo</span> <span class='ocrx_word' id='word_1_450' title='bbox 849 3869 946 3938; x_wconf 87' lang='lat' dir='ltr'>magis,</span> <span class='ocrx_word' id='word_1_451' title='bbox 959 3869 981 3917; x_wconf 88' lang='lat' dir='ltr'>si</span> <span class='ocrx_word' id='word_1_452' title='bbox 993 3869 1074 3919; x_wconf 85' lang='lat' dir='ltr'>fuisse</span> <span class='ocrx_word' id='word_1_453' title='bbox 1084 3887 1129 3918; x_wconf 90' lang='lat' dir='ltr'>ne-</span> 
     </span>
     <span class='ocr_line' id='line_1_74' title="bbox 632 3945 1127 4016; baseline 0 -20"><span class='ocrx_word' id='word_1_454' title='bbox 632 3947 730 3998; x_wconf 91' lang='lat' dir='ltr'>minem</span> <span class='ocrx_word' id='word_1_455' title='bbox 743 3947 855 4016; x_wconf 87' lang='lat' dir='ltr'>cogites,</span> <span class='ocrx_word' id='word_1_456' title='bbox 868 3947 912 4015; x_wconf 89' lang='lat' dir='ltr'>qui</span> <span class='ocrx_word' id='word_1_457' title='bbox 929 3957 1013 3994; x_wconf 89' lang='lat' dir='ltr'>totum</span> <span class='ocrx_word' id='word_1_458' title='bbox 1029 3945 1127 4016; x_wconf 72' lang='lat' dir='ltr'>Gangis</span> 
     </span>
     <span class='ocr_line' id='line_1_75' title="bbox 634 4025 1128 4082; baseline -0.002 -5"><span class='ocrx_word' id='word_1_459' title='bbox 634 4031 954 4082; x_wconf 78' lang='lat' dir='ltr'>cursumemensusesset.</span> <span class='ocrx_word' id='word_1_460' title='bbox 962 4025 1077 4082; x_wconf 85' lang='lat' dir='ltr'>Omnino</span> <span class='ocrx_word' id='word_1_461' title='bbox 1086 4043 1128 4076; x_wconf 87' lang='lat' dir='ltr'>ve·</span> 
     </span>
    </p>
   </div>
   <div class='ocr_carea' id='block_1_31' title="bbox 0 0 1366 4598">
    <p class='ocr_par' dir='ltr' id='par_1_31' title="bbox 0 0 1366 4598">
     <span class='ocr_line' id='line_1_76' title="bbox 0 0 1366 4598; baseline 0 0"><span class='ocrx_word' id='word_1_462' title='bbox 0 0 1366 4598; x_wconf 95' lang='lat' dir='ltr'> </span> 
     </span>
    </p>
   </div>
  </div>
 </body>
</html>
