2718 4594
335 325 572 392 AENEIDOS
595 327 748 394 LIBER
771 333 857 397 XII.
1053 333 1115 404 323

75 446 233 514 Turbavit
245 450 367 516 mentis
380 449 490 531 Italae,
501 466 718 542 monstroque
730 455 858 521 fefellit.
906 477 911 484 ’

74 555 223 646 Namque
235 555 352 622 volans
364 557 464 624 rubra
475 558 586 624 fulvus
597 559 688 624 Jovis
699 561 787 626 ales
778 585 813 626 in
825 561 926 630 aethra
1007 589 1010 596 ’

73 661 219 728 Litoreas
232 663 377 760 agitabat
387 663 680 754 avis‚turba1nque
692 685 866 734 sonantem

73 768 219 854 Agminis
232 769 363 858 aligeri3
376 769 487 838 subito
500 794 602 860 quum
615 772 727 862 lapsus
738 772 780 838 ad
792 773 898 840 undas

73 874 220 961 Cycnum
233 875 451 941 excellentem
462 875 604 965 pedibus
616 879 702 966 rapit
713 878 873 967 inprobus
885 882 989 948 uncis.
1075 901 1119 946 ²50

72 978 238 1045 Adrexere
250 982 379 1047 animos
392 982 479 1062 Itali,
493 998 687 1073 cunctaeque
698 985 850 1051 volueres

72 1086 280 1153 Convertunt
292 1088 434 1154 clamore
447 1089 574 1178 lugam3
587 1089 736 1155 mirabile
748 1090 836 1172 visu5

70 1190 270 1282 AEtheraque
284 1193 461 1259 obscurant
473 1196 605 1282 pennis,
618 1193 815 1285 hostemque
827 1219 888 1286 per
899 1218 994 1262 auras

70 1297 165 1364 Facta
176 1298 270 1364 nube
282 1316 454 1388 premunt3
471 1298 578 1366 donec
589 1301 623 1364 vi
635 1302 757 1381 victus,
771 1317 804 1366 et
815 1302 888 1390 ipso

71 1402 222 1468 Pondere
235 1403 374 1483 defecit,
388 1404 602 1494 praedamque
615 1429 654 1470 ex
666 1404 832 1494 unguibus
843 1408 911 1473 ales
1075 1424 1118 1470 att

70 1510 211 1600 Projecit
222 1510 342 1590 fluvio,
355 1512 554 1600 penitusque
567 1513 601 1576 in
613 1511 726 1576 nubila
738 1512 833 1600 fugit.

68 1615 154 1680 Tum
166 1639 249 1682 vero
261 1617 437 1703 augurium
448 1618 562 1682 Rutuli
573 1617 718 1683 clamore
731 1617 887 1698 salutant,

69 1720 328 1810 Expediuntque
339 1744 472 1803 manus;
485 1723 679 1814 primusque
691 1721 889 1789 Tolumnius
902 1745 1019 1811 augur,

69 1892 165 1946 sentius,
177 1891 302 1938 efficatius.
314 1889 422 1952 intellige
434 1902 551 1938 ostentum
562 1889 662 1945 clarum
672 1884 854 1946 manifestumst
846 1885 949 1952 stuppli,
962 1907 1010 1954 422
1021 1891 1118 1940 deorum

68 1959 175 2008 voluntas
191 1975 240 2008 tam
259 1959 808 2022 2221122242,2121212112212122222422221
819 1985 852 1996 -
863 1959 916 2016 246
928 1961 993 2008 112112
1004 1963 1119 2022 Monulb.

69 2041 153 2078 montes
165 2031 251 2088 italos
264 2030 413 2092 interpolate.
427 2031 514 2077 Ornate
526 2033 638 2093 expressit
647 2042 729 2093 poeta
739 2031 805 2093 quod
816 2029 886 2092 vulgo
898 2031 1010 2078 dicimus
1021 2035 1120 2095 signum,

69 2118 116 2165 quo
126 2104 221 2152 nullum
233 2103 299 2152 alind
312 2101 396 2148 clarius
408 2101 508 2148 ltalish.
520 2103 641 2149 Latinis
619 2118 694 2150 meum
706 2114 772 2148 erat·
785 2117 826 2148 seu
836 2099 987 2149 clarissimum
998 2105 1063 2167 quod
1075 2122 1120 2152 un-

69 2191 137 2236 quam
147 2176 265 2223 viderant.
275 2175 324 2220 Nee
333 2173 450 2236 emphasis
459 2172 584 2236 querenda
594 2185 628 2220 est
640 2176 664 2218 in
677 2182 760 2218 mentes
769 2171 885 2218 122122.-
894 2173 945 2237 247.
957 2175 1055 2238 Jamque
1061 2175 1120 2222 alter

69 2245 150 2290 llamb.
164 2257 188 2292 et
199 2247 293 2307 Hugen.
310 2242 380 2290 rubeo
391 2243 484 2290 Vratisl.
491 2241 575 2306 fulvus
584 2242 655 2290 rubra
665 2242 751 2289 Medic.
762 2241 842 2306 fulvos
852 2243 913 2288 Gud.
919 2277 927 2300 ‚
941 2242 1006 2307 quod
1017 2244 1080 2291 idem
1094 2249 1119 2290 12

68 2314 318 2380 plerisqueinvenerat
327 2317 431 2370 Pierius,
443 2327 467 2361 et
478 2315 587 2362 lieinsius
596 2315 656 2360 adeo
665 2326 793 2375 receperat.
799 2312 874 2376 fitivis
885 2313 990 2360 Perrhae.
1001 2317 1024 2360 in
1033 2313 1119 2362 aetitrn:

67 2384 134 2442 eliae,
146 2387 177 2434 ab
189 2386 276 2443 eslim
288 2386 317 2432 21)
328 2383 424 2433 aetliere.
435 2386 497 2432 conf.
512 2401 563 2448 sup.
576 2387 631 2431 Ver.
642 2387 706 2432 Lect-
718 2385 749 2430 ad
760 2385 789 2440 V,
803 2383 855 2440 254.
865 2385 953 2430 Vocem
965 2383 1058 2430 oedirom
1070 2389 1119 2448 jam

68 2456 155 2506 Ennius
167 2471 334 2522 usurpaverat,
348 2459 469 2506 1122221212
480 2459 618 2506 observante
636 2458 678 2504 lib.
696 2457 741 2514 Vl,
759 2457 786 2516 4,
802 2474 854 2520 pag.
874 2458 930 2518 5973
944 2457 1011 2504 addit
1025 2467 1048 2504 et
1062 2458 1119 2505 Ilius

67 2531 90 2572 in
104 2530 244 2578 Teuthrunte
253 2547 262 2576 .·
272 2531 319 2593 leg.
330 2529 424 2578 Atilius.
436 2555 468 2566 ·-
480 2530 533 2587 248.
545 2532 689 2595 litorea-tque
701 2530 766 2576 Leid.
786 2542 810 2576 et
821 2530 877 2590 1124.
896 2531 989 2593 aqitovit
1001 2545 1047 2576 222.
1060 2532 1118 2576 Rot-

68 2601 132 2646 tend.
143 2602 280 2666 turbamque
289 2611 418 2666 sequentem
426 2604 481 2649 Exc.
489 2603 568 2650 Burm.
576 2629 608 2638 -
615 2602 668 2664 249.
681 2599 793 2665 collapsus
804 2600 909 2648 Perrhae.
917 2625 948 2635 -
957 2602 1118 2660 2528222222

69 2669 137 2716 Goth.
153 2684 223 2727 tert„
240 2671 300 2718 male
311 2687 317 2717 :
329 2673 387 2716 Nam
402 2671 555 2718 attenduntur
566 2671 590 2716 h.
606 2672 623 2718 l.
639 2675 718 2718 animi.
727 2675 858 2734 junctaeque
870 2668 959 2715 Zulich.
972 2685 985 2714 a
999 2686 1029 2714 m.
1040 2687 1075 2732 pr.
1087 2695 1119 2706 -

69 2741 118 2784 252.
132 2738 261 2786 2222221112
273 2737 363 2801 2114221
376 2742 437 2786 Pier.
449 2766 481 2776 -
496 2741 548 2787 253.
558 2745 634 2803 pinnis
645 2742 736 2803 aliquot
750 2757 787 2803 ap.
801 2741 879 2786 Burm.
890 2752 914 2784 et
927 2737 978 2794 hic,
990 2751 1016 2784 ut
1028 2753 1118 2802 semper

68 2807 131 2856 alias.
145 2835 178 2845 -
191 2807 244 2864 254.
259 2809 328 2856 donec
340 2813 455 2856 convictus
468 2812 544 2872 Bigot.
557 2823 581 2857 et
593 2810 693 2857 Dorvill.
711 2819 734 2856 et
749 2814 795 2872 ipse
807 2808 897 2872 aliquot
907 2810 987 2853 Burm.
1001 2823 1055 2853 cum
1070 2809 1117 2870 Eri.

67 2877 94 2922 212
102 2883 151 2941 ipso
160 2881 239 2940 Sprot.
249 2902 281 2914 -
290 2878 343 2924 255.
350 2878 455 2939 deficeret
461 2878 551 2940 aliquot
562 2881 623 2926 Pier.
628 2913 636 2935 ,
645 2879 711 2942 quod
720 2879 853 2941 pedestrem
865 2877 969 2923 efficeret
980 2879 1117 2922 orationem.

67 2950 161 3012 deficere
173 2951 200 2996 12
214 2965 243 2995 eo
254 2948 326 2996 letere
340 2952 403 3012 conj.
415 2951 531 2998 Heinsius.
543 2975 575 2986 -
587 2952 639 2998 256.
651 2953 679 2996 Ρ.
688 2952 789 3011 fluvium
804 2961 856 2996 tert.
873 2946 996 3002 11222221,
1008 2963 1061 2992 mox
1074 2961 1118 3011 que

68 3021 132 3068 abest
142 3019 232 3068 Medic.
245 3033 268 3065 et
280 3019 353 3066 tribus
364 3020 424 3066 aliie.
436 3045 466 3056 -
479 3021 531 3084 257.
546 3030 617 3079 naut,
628 3039 672 3086 pro
684 3020 774 3078 1121211,
783 3020 889 3066 Perrhae.

68 3153 327 3208 rataLatiois.vid.
338 3155 589 3206 Var.l.ect.mon·'
615 3167 674 3206 tunt
686 3155 824 3224 scafuga.
838 3154 894 3204 Nec
907 3149 1049 3221 improbo:
1064 3151 1116 3202 nisi
1161 3206 1166 3221 x

66 3245 136 3300 stro,
153 3235 181 3287 1ι.
195 3235 213 3285 l.
230 3247 353 3302 ostento,
372 3236 483 3306 augurio
500 3236 568 3304 ipso.
615 3236 693 3288 malis
700 3233 800 3306 fuqam
812 3231 845 3282 de
858 3228 949 3281 voletu
961 3229 1117 3299 simpliciter

29 3323 32 3330 ’
68 3342 102 3352 -
113 3314 175 3381 248.
190 3315 274 3368 Fuere
288 3315 382 3387 cygni,
401 3326 431 3365 ut
447 3331 477 3366 ex
494 3330 568 3384 2244.
616 3314 752 3383 accipere3
764 3313 801 3362 sic
811 3309 985 3362 convertimus
994 3308 1052 3374 iter,
1061 3327 1116 3364 non

68 3407 143 3463 patet
153 3415 160 3445 2
174 3395 224 3446 hos
234 3435 242 3462 ‚
252 3413 335 3466 quam
345 3407 439 3448 ornate
449 3394 571 3466 designa·
614 3393 713 3461 modo,
726 3391 799 3464 quod
807 3403 954 3456 mutamus,
967 3402 996 3441 ut
1006 3408 1064 3462 sup.
1078 3396 1117 3455 V,

68 3474 120 3523 viti
140 3472 239 3527 litoreo
259 3493 336 3542 aves,
352 3492 404 3545 pro
423 3472 570 3540 flumineis,
616 3471 683 3539 581,
700 3473 748 3525 sed
761 3473 841 3524 etiem
853 3469 1024 3542 simpliciter
1042 3484 1071 3522 ut
1084 3471 1117 3524 sit

69 3551 243 3620 palustribus.
262 3551 435 3625 improinsh.
450 3552 468 3605 l.
484 3553 571 3606 audax
615 3554 746 3625 dirigere,
759 3550 914 3616 intendere,
931 3550 997 3602 eth.
1008 3550 1026 3602 l.
1040 3552 1117 3604 vola-

69 3647 167 3703 v..sup
181 3633 379 3703 Χ1,7672121
388 3632 492 3686 -252,
505 3635 572 3685 Con·
609 3630 1116 3723 tum,inabenntetnuquilam‚quam

69 3721 175 3764 venunt
194 3710 309 3764 clamore
323 3711 442 3784 fraqam
436 3695 572 3763 ·redeunt
615 3725 821 3784 persequuntur
832 3709 1118 3770 Pettittts;1n1nterro

70 3805 130 3841 curn
149 3792 283 3856 clamore,
300 3793 337 3842 ait
358 3791 479 3856 Servius,
499 3787 573 3860 quod
616 3811 647 3844 ra
660 3792 780 3844 nubium.
793 3788 863 3842 Vide
876 3791 983 3841 infrav.
996 3789 1054 3842 263.

71 3868 99 3918 12
114 3872 231 3923 exercitu
243 3870 300 3922 12222
311 3869 387 3920 22121
400 3868 531 3940 Accepit
524 3881 573 3921 ita
652 3870 712 3941 257.
733 3869 870 3932 salutant,·
890 3882 1068 3938 venerantur,
1087 3883 1118 3934 21

73 3966 124 4018 422
137 3951 227 4021 fugam
237 3951 271 4004 de
284 3949 410 4021 dispersis
422 3949 515 4019 aquile
528 3949 573 4002 ad·
616 3951 685 4004 bene
701 3950 828 4017 Servius,
844 3969 905 4005 curn
925 3939 1117 4020 acclamatione

72 4043 151 4084 uentu
166 4034 272 4106 cygnis:
286 4045 315 4085 ut
330 4034 441 4104 supro,
456 4049 571 4088 conver·
618 4049 697 4086 omen
720 4034 921 4104 accipiunt.
887 4015 1005 4094 258.
1032 4035 1118 4100 Expe-

866 4181 868 4186 ,
902 4135 943 4170 ιι.
