2724 4600
368 291 602 359 AENEIDOS
625 292 776 360 LIBER
797 293 837 362 Χ.

43 464 47 473 ,
75 415 264 479 Conamur?
275 415 357 479 uos?
366 438 408 478 an
420 416 556 480 miseros
570 418 626 505 qui
639 420 741 483 Troas
753 418 886 484 Achivis

76 519 228 610 Objecit?
240 541 314 608 quae
327 543 440 585 caussa
452 521 515 585 fuit
527 543 724 610 consurgere
737 525 770 586 in
782 548 872 589 arma
884 511 887 522 ¹

77 625 315 714 Europamque
327 625 516 714 Asiamque,
531 642 563 690 et
575 625 699 690 foedera
711 629 837 692 solvere
850 629 957 693 furto?

75 731 134 793 Me
150 729 236 795 duce
249 726 432 793 Dardanius
444 731 592 817 Spartam
605 734 802 820 expugnavit
812 733 959 798 adulter?

76 837 145 898 Aut
158 857 220 922 ego
232 835 296 898 tela
309 832 401 912 dedi,
415 835 525 898 fovive
538 835 701 923 Cupidine
711 836 817 901 bella?

75 942 168 1003 Tum
181 939 293 1004 decuit
304 939 459 1003 metuisse
471 941 535 1004 tuis
547 963 554 1002 ε
568 929 657 1006 nunc
670 964 741 1006 sera
753 944 894 1031 querelis
915 945 916 948 ’
955 991 958 998 t

2 1101 3 1116 ,
76 1046 178 1111 Haud
186 1047 283 1136 justis
295 1044 458 1135 adsurgis,
473 1063 505 1111 et
519 1048 615 1112 inrita
623 1049 732 1149 jurgia
740 1050 853 1139 jactas.
869 1080 882 1110 s

121 1152 260 1216 Talibus
272 1151 385 1216 orabat
396 1155 502 1232 June,
515 1155 691 1242 cunctique
703 1154 888 1220 Fremebant

2 1303 3 1306 κ
79 1253 240 1323 Caelicolae
252 1255 394 1322 adsensu
407 1259 514 1338 vario,
527 1281 588 1324 ceu
600 1258 732 1322 flamina
743 1261 863 1347 prima,

76 1366 190 1446 Quum
203 1362 366 1451 deprensa
377 1364 523 1428 fremunt
534 1364 636 1444 silvis,
650 1381 683 1428 ct
695 1387 779 1430 caeca
790 1366 940 1430 volutant

109 1548 149 1608 89.
160 1551 211 1611 qur’s
223 1551 249 1593 T.
260 1547 357 1595 Dorvill.
368 1560 391 1594 et
400 1565 436 1610 pr.
444 1549 526 1594 Hamb.
536 1565 586 1594 aru.
594 1564 640 1596 sec.
647 1564 723 1610 -9o.
735 1563 867 1596 concurrere
876 1546 973 1593 Oudart.
982 1559 1005 1594 et
1012 1549 1078 1594 Leid.
1087 1550 1118 1595 cs.

79 1618 110 1664 ad
120 1621 162 1664 Ge.
174 1621 197 1676 1,
210 1619 263 1666 318.
276 1645 308 1655 --
319 1634 357 1681 92.
372 1620 474 1682 Spartam
487 1635 533 1665 sec.
547 1619 629 1677 llamh.
642 1645 673 1655 -
686 1620 724 1680 93.
730 1620 824 1684 fovique
838 1619 868 1666 al.
877 1619 956 1682 forins
967 1635 1002 1682 pr.
1014 1621 1120 1683 Menag„

78 1688 119 1734 sed
123 1689 202 1752 fovive
211 1689 320 1736 meliores
332 1691 390 1736 Pier.
404 1701 427 1737 et
439 1691 518 1736 Heius.
530 1714 561 1725 -
572 1688 609 1750 94.
627 1693 685 1734 Tum
695 1692 773 1752 scripti
786 1691 889 1751 potiores
900 1705 952 1734 cum
966 1688 1035 1734 Goth.
1047 1689 1123 1742 hinis;

78 1771 102 1805 et
112 1762 146 1805 sic
156 1761 197 1816 lV,
208 1763 252 1822 597
266 1764 324 1806 Tum
337 1760 417 1805 deruit,
436 1760 562 1807 Cledoqus
573 1776 667 1823 quoque
679 1762 789 1822 agnoscit.
801 1761 860 1806 Casu
870 1761 939 1822 igitur
948 1760 1046 1816 factum,
1056 1759 1120 1823 quod

1 1835 2 1838 ’
78 1831 104 1874 ἰιι
116 1831 266 1876 Heinsianam
279 1833 438 1878 recensionem
448 1830 508 1876 illud
517 1846 565 1876 non
574 1834 676 1888 transiit,
688 1832 729 1878 sed
741 1843 881 1877 remanserat
892 1831 1046 1892 Tunc-96.
1061 1835 1087 1876 T.
1099 1848 1120 1878 ο,

1 1917 2 1934 ¹
76 1901 144 1964 dictis
155 1901 218 1947 eud.
230 1927 260 1937 -
269 1902 307 1964 98.
317 1896 422 1964 depresso
428 1911 535 1965 premunt
546 1902 663 1958 Parthas,
676 1915 699 1948 et
710 1903 815 1965 depressa
826 1904 895 1948 etiam
910 1902 1047 1947 emendabat
1058 1903 1120 1947 Mar-

77 1969 159 2016 kland.
171 1970 202 2015 ad
214 1973 279 2017 Statii
291 1970 347 2018 Silv.
360 1988 383 2034 p.
394 1989 436 2028 ao,
446 1984 472 2017 ut
481 1972 585 2035 depressa
590 1972 690 2034 fremere
699 1975 741 2028 sit,
750 1971 834 2017 humili
844 1983 866 2016 et
877 1970 986 2032 depresso
995 1986 1052 2017 sono
1061 1986 1122 2016 mur·

76 2040 376 2102 murare‚utapudLucret.
384 2044 421 2098 tv,
428 2041 471 2103 549
478 2041 611 2100 Quumtulm
617 2038 864 2104 depressoqruvt'tersub
871 2055 983 2084 murmure
990 2040 1120 2103 'capitulos

77 2109 212 2170 spernenda
223 2109 273 2154 haec
284 2122 332 2155 erat
344 2111 483 2157 emendatio.
496 2111 574 2166 Idem,
585 2126 615 2158 ne
625 2112 660 2157 bis
665 2109 797 2172 frenoebant
806 2121 830 2155 et
831 2109 937 2172 fremunt
948 2120 1019 2165 esset,
1029 2116 1121 2173 qemunt

77 2176 180 2222 malebat
187 2195 192 2223 :
199 2191 315 2242 etqemere
324 2181 521 2243 utiquedicuutur
531 2194 554 2227 et
561 2179 700 2226 silvoeveuu's
708 2193 731 2227 et
741 2183 784 2243 ipsi
795 2182 872 2225 vend:
883 2179 924 2225 sed
936 2190 1011 2240 potest
1023 2179 1120 2224 alterum

78 2246 176 2292 defendi
186 2262 235 2294 uon
244 2247 315 2294 modo
324 2250 393 2296 simili
405 2250 457 2296 loco
467 2252 509 2297 inl.
521 2253 564 2308 xl,
576 2252 632 2314 296,
642 2251 683 2298 ubi
693 2252 772 2306 Heius.
783 2251 813 2296 ad
824 2249 847 2296 h.
856 2249 872 2295 l.
884 2251 1017 2313 provocavit
1022 2283 1030 2305 ‚
1040 2265 1121 2297 verum

78 2426 114 2436 —-
122 2399 165 2468 89.
177 2418 213 2450 an
224 2398 317 2470 isqui:
330 2400 453 2456 absolute
461 2401 578 2454 dictum:
660 2419 742 2473 97-1
751 2419 789 2472 17.
798 2403 828 2453 In
837 2401 889 2453 hoc
898 2402 1046 2452 animorum
1058 2411 1122 2451 aestu

79 2477 128 2529 sed
149 2479 381 2549 interpretandum
405 2481 438 2533 de
461 2484 580 2548 Venere,
625 2481 729 2551 Jupiter
745 2480 852 2533 tandem
869 2479 1001 2547 decernit,
1019 2491 1044 2531 et
1059 2498 1122 2551 pro·

79 2575 139 2627 quae
147 2557 213 2609 belli
227 2559 337 2628 Troiani
350 2573 443 2612 auctor
456 2563 517 2628 luit,
527 2562 582 2613 He·
626 2557 714 2610 fitetur
726 2577 753 2610 se
765 2559 841 2611 fatali
857 2576 946 2611 rerum
962 2557 1050 2610 ordini
1067 2576 1122 2609 om-

1 2663 2 2666 *
77 2635 142 2688 lena
160 2653 261 2709 rapta:
280 2658 341 2690 mox
357 2642 444 2692 statim
460 2641 529 2693 redit
547 2639 582 2692 ad
626 2639 671 2689 nia
683 2639 873 2708 permissurum
885 2637 1021 2703 esse,alio
1031 2636 1122 2705 modo,

1 2737 2 2750 ¹
78 2719 223 2786 proprium
234 2739 241 2768 ε
255 2735 314 2789 qaoe
323 2718 382 2787 fuit
393 2737 471 2772 causa
484 2733 533 2772 etc.
546 2749 582 2758 -
628 2735 708 2786 quam
718 2719 746 2768 in
758 2718 918 2768 Homericis:
932 2719 958 2767 in
973 2716 1068 2788 quibus
1078 2716 1122 2766 ille

79 2795 237 2865 91.foedera
248 2795 444 2866 solverefurto,
454 2810 484 2848 ut
496 2798 582 2850 solve·
625 2794 701 2845 Iliad.
715 2803 737 2844 Θ
755 2814 795 2866 pr.
816 2814 832 2846 a
851 2794 946 2866 praeliis
964 2807 990 2846 et
1005 2793 1122 2846 consiliis

80 2887 169 2941 retur,
187 2873 370 2943 dirimeretur,
387 2893 455 2946 pax,
471 2889 581 2946 pacatus
626 2877 764 2944 utriusque
789 2875 918 2926 exercitus
941 2891 969 2924 se
991 2870 1123 2923 abstinere

81 2967 185 3019 status,
203 2955 273 3005 inter
284 2954 413 3023 Trojauos
426 2967 452 3006 et
463 2956 582 3022 Grecos,
624 2954 701 3023 jubet
720 2947 800 3008 deos:
823 2969 884 3003 mox
899 2963 988 3002 tamen
1001 2949 1122 3012 eosdem,

81 3031 525 3103 abductafurtimllelena.furtum
532 3053 582 3106 pro
627 3030 720 3084 frauda
733 3031 881 3095 levissem,
889 3028 985 3098 praeliis
997 3029 1123 3079 interesse

82 3123 178 3182 raptu„
184 3111 288 3180 foedera
305 3111 338 3163 de
354 3111 471 3183 hospitio
487 3115 584 3184 accipit
627 3109 755 3161 videmus.
772 3110 857 3160 Etiam
874 3106 978 3159 diverso
997 3105 1077 3156 modo
1094 3123 1126 3158 ac

82 3191 137 3241 Jul.
149 3188 283 3255 Sab.,sed
294 3189 457 3242 obstantilla
466 3212 472 3242 :
482 3207 585 3243 consur·
628 3187 738 3241 meliore
755 3186 843 3238 studia
860 3185 970 3238 deorum
984 3197 1010 3236 et
1024 3184 1126 3238 discor-

81 3287 142 3340 9ere
155 3270 183 3319 in
195 3286 270 3319 arma
282 3269 469 3341 Europamque
480 3269 585 3322 Asiam·
631 3267 716 3318 diaein
723 3263 998 3336 AEneideprocedunt,
1006 3283 1037 3316 ac
1046 3264 1125 3317 finem

83 3367 142 3420 que.
155 3377 189 3386 —
201 3365 245 3418 92.
263 3348 478 3401 Comminiscitur
495 3350 586 3402 obses·
633 3347 748 3412 habeut,
762 3365 842 3416 quam
855 3348 883 3396 in
898 3344 972 3398 lliad.
986 3363 1019 3411 φ,
1036 3365 1128 3417 pugna
1141 3391 1145 3402 ,

84 3445 143 3478 sam
166 3447 182 3478 a
202 3427 297 3480 Paride
318 3427 441 3499 Spartam
461 3427 585 3485 Servius:
631 3429 699 3478 inter
718 3428 791 3498 ipsos
813 3424 876 3488 deos
894 3425 983 3490 facta,
1001 3425 1074 3476 nullo
1092 3424 1127 3476 ad

85 3524 247 3576 perperam
266 3508 341 3577 gravi
361 3520 387 3558 et
406 3506 500 3559 odiosa
520 3527 586 3560 voce
631 3508 716 3576 ipsam
740 3506 871 3557 actionem
894 3506 996 3574 epicam
1022 3521 1072 3556 usu
1096 3523 1126 3555 ac

86 3603 135 3636 usa
146 3598 187 3637 est
202 3584 252 3638 dea
269 3587 432 3658 expuqnavit
447 3585 482 3638 ad
495 3589 547 3639 vim
560 3600 586 3639 et
630 3586 728 3636 fructu.
749 3582 792 3634 Ad
810 3585 1036 3652 comparationem
1056 3582 1126 3634 harre

87 3667 255 3716 atrocitatem
269 3677 361 3736 raptus
379 3665 584 3717 declarandam:
631 3664 702 3715 conf.
713 3662 808 3733 Georg.
820 3663 845 3727 l,
858 3661 1006 3732 356-359,
1014 3674 1041 3713 at
1052 3679 1127 3712 exor-

81 3745 162 3812 ,quasi
171 3743 224 3796 hoc
237 3744 307 3796 idem
316 3758 384 3796 esset
395 3763 425 3796 ac
434 3744 534 3796 bellum
547 3747 586 3796 in·
630 3743 766 3793 nationem
779 3741 985 3810 comparationis
999 3741 1126 3792 Miltonus

0 3815 1 3820 ¹
85 3823 164 3876 ferre.
174 3824 260 3892 -94,
271 3823 346 3876 Idem
357 3823 432 3876 color
442 3827 584 3877 orationis:
631 3821 705 3874 dabit
716 3823 812 3873 Parad.
828 3821 889 3872 lost
902 3822 942 3884 Il,
960 3839 985 3870 v.
1005 3819 1056 3885 284
1070 3837 1128 3889 sqq·

90 3900 156 3950 Tum
177 3903 285 3965 decuit,
302 3920 385 3974 quum
401 3913 499 3973 sceptra
509 3904 587 3958 dabas
629 3903 800 3972 -depreusm
815 3902 975 3970 intercepta,
990 3898 1131 3968 impedita,

87 3995 146 4052 sup·
158 3980 263 4035 AEneid.
277 3979 323 4034 lib.
334 3983 383 4052 lV,
398 3980 456 4054 596.
473 3980 531 4053 597.
568 4027 569 4031 ,
631 3981 748 4046 inclusa;
761 3982 868 4054 proprie
876 3980 1021 4052 deprensus
1032 3976 1129 4051 aliquis
