2690 4596
293 320 530 386 AENEIDOS
555 319 708 386 LIBER
730 322 818 386 XII.

29 447 198 510 Armatam
211 443 290 508 saevi
302 444 440 510 Parthus
453 467 553 534 quam
565 445 643 508 felle
655 447 790 526 veneni,

30 551 185 630 Parthus,
199 551 272 616 sive
284 550 414 640 Cydon,
427 553 532 642 telum
545 550 791 631 inmedicabile,
804 552 915 632 torsit;

29 655 178 722 Stridens
192 673 227 721 et
240 657 355 722 celeris
368 657 535 744 incognita
547 657 687 721 transilit
699 658 842 724 umbras.

29 762 118 828 Talis
131 787 168 830 se
182 780 253 829 sata
265 766 369 829 Nocte
381 764 470 844 tulit,
483 781 653 853 terrasque
666 764 792 852 petivit.

31 872 213 959 Postquam
226 871 313 935 acies
325 869 416 934 videt
429 871 543 936 Iliacas
555 887 655 962 atque
667 871 798 958 agmina
809 868 935 935 Turni:

30 976 124 1042 Alitis
137 978 172 1041 in
185 1000 298 1066 parvae
311 975 453 1042 subitam
466 979 614 1042 conlecta
626 977 781 1066 liguram,

61 1177 114 1240 857.
123 1179 241 1225 Armatus
251 1182 328 1243 Sprot.
337 1197 350 1226 a
358 1197 389 1225 m.
397 1196 444 1228 sec.
452 1182 559 1226 Aratavit
568 1179 638 1228 Goth.
649 1197 695 1228 sec.
704 1196 774 1245 qaam
781 1175 881 1226 Parthus
889 1173 995 1222 Parthas.
1006 1171 1088 1220 Malim

32 1249 141 1297 Codicem
149 1251 258 1315 aliquem
265 1268 309 1315 pro
316 1253 414 1299 Parthus
422 1252 543 1300 meliorem
552 1252 608 1300 dare
615 1253 740 1300 lectionem
748 1271 754 1309 ;
761 1269 814 1297 nam
823 1249 883 1296 illud
890 1247 1088 1308 vitiosum'utique

33 1335 80 1366 esse
95 1322 215 1368 arbitror:
233 1323 293 1385 quid
302 1326 365 1370 enim
378 1323 489 1382 Parthus,
503 1323 601 1370 Parthus
612 1328 658 1371 siue
667 1325 758 1385 Cydon,
774 1337 814 1370 aut
827 1321 946 1384 gravitatis
957 1329 996 1363 aut
1012 1317 1089 1362 suavi-

33 1394 84 1437 tatis
93 1391 198 1439 habeat?
207 1395 262 1440 Non
272 1397 367 1457 ignoro,
381 1396 438 1444 tales
445 1399 581 1444 iterationes
588 1409 611 1443 et
618 1395 785 1444 alliteratIones
792 1409 915 1441 occurrere
924 1390 987 1453 apud
996 1399 1090 1451 poem>

33 1462 108 1522 ipsum
121 1463 254 1510 Homerum
268 1477 291 1511 et
304 1467 442 1530 Virgilium
455 1467 497 1513 sed
508 1467 596 1530 ultique
606 1470 653 1514 vim
665 1466 766 1530 aliquam
777 1465 929 1528 habena-aut
941 1460 1031 1506 addunt
1044 1457 1091 1502 ali-

34 1534 92 1594 quid
102 1546 218 1598 tanquam
229 1553 274 1597 pro
286 1539 428 1600 compendio
438 1537 476 1588 'vel
486 1539 582 1584 cumulo
592 1557 614 1585 v.
625 1557 645 1585 c.
656 1539 704 1584 Eel.
717 1540 782 1594 VIII,
796 1539 823 1583 55
835 1540 866 1582 sit
878 1537 970 1602 Tityrus
978 1527 1090 1593 Orpheus,
1145 1587 1148 1594 ,

34 1604 136 1666 Orpheus
148 1610 173 1651 t'n
186 1606 253 1653 stlvis
260 1641 268 1663 ,
282 1611 341 1654 inter
352 1609 470 1673 delpltt'nus
482 1614 562 1657 Arion.
574 1624 597 1656 at
605 1611 630 1656 b.
641 1611 656 1656 l.
669 1610 730 1656 nihil
742 1609 857 1673 ejusmodi
869 1608 946 1656 video.
961 1604 1006 1648 but
1017 1613 1090 1663 genus

33 1679 172 1736 ponendum
182 1691 248 1736 erat,
261 1693 287 1726 ut
296 1681 419 1728 individua
432 1683 471 1729 vel
485 1683 565 1728 lormae
576 1696 732 1746 sequerentur
743 1700 748 1728 :
761 1694 801 1728 aut
809 1694 936 1743 utrumque
945 1673 1090 1728 iterandum,

35 1760 60 1792 nt
72 1765 93 1795 v.
109 1767 130 1796 c.
144 1750 215 1798 Iliad.
231 1761 267 1810 χ,
285 1767 335 1815 ¹²7·
353 1754 403 1800 128.
416 1756 495 1810 Latet,
508 1755 621 1812 arbitror,
634 1755 755 1818 epitheton
768 1770 810 1800 sen
826 1751 906 1800 Parui·
920 1753 946 1796 in
957 1763 992 1811 sq.
1007 1759 1090 1798 versu,

36 1819 161 1882 seufe'llis:
171 1841 194 1870 v.
206 1839 230 1870 c.
242 1825 363 1870 Annalem
371 1829 427 1871 soeui
430 1824 511 1888 fallax
521 1842 591 1889 quam
600 1839 644 1872 etc.
655 1839 695 1872 ant
704 1825 779 1872 simile
789 1825 855 1888 quid.
865 1825 914 1868 Nisi
924 1820 1005 1866 ultima
1017 1827 1093 1878 poetae

36 1905 116 1940 manus
128 1897 209 1942 versui
220 1895 303 1942 deest:
318 1897 384 1959 quod
397 1897 519 1959 probabile
531 1899 565 1943 lit.
580 1898 733 1944 Waddelium
744 1913 807 1943 nunc
819 1896 889 1942 video
898 1892 1019 1938 AnImadv.
1032 1889 1090 1933 erit.

35 1977 58 2024 p·
74 1967 103 2028 39
115 1971 250 2030 conjecisse
264 1969 328 2014 Arcu
340 1972 385 2014 stoc
398 1970 491 2028 Cydon:
502 1967 552 2025 vel,
566 1969 652 2016 Partho
665 1973 711 2015 slve
722 1969 812 2028 Cydon,
821 1967 846 2012 li.
857 1969 882 2011 in
892 1962 1015 2012 Parthumt
1027 1960 1093 2020 prim

36 2034 91 2082 ferri
101 2041 183 2100 possit.
195 2041 278 2086 Certus
289 2042 335 2085 stite
344 2041 435 2100 Cydon,
448 2041 547 2085 Lenzins
558 2052 638 2105 noster
647 2043 709 2101 conj.
721 2041 758 2084 Jo.
769 2035 890 2084 Schrader.
901 2046 978 2079 autem
991 2030 1058 2074 Obss.
1068 2028 1094 2082 Is

37 2119 62 2161 ²,
76 2124 99 2170 p·
116 2127 142 2173 ¹7
156 2113 281 2158 Armatam
293 2127 353 2157 savo
363 2115 433 2174 patrii
445 2110 576 2176 quamfellc
586 2117 677 2168 veneni,
688 2113 808 2174 ingeniose
818 2108 860 2155 sed
871 2120 952 2169 parum
962 2097 1095 2166 probabili·

36 2188 78 2224 ter.
88 2182 185 2230 -858,
203 2199 245 2230 seu
264 2184 343 2242 Cydon
358 2184 469 2239 Oudart.,
482 2183 551 2231 male.
563 2184 594 2229 ci.
607 2184 656 2230 Ecl.
669 2185 702 2241 x,
717 2183 754 2244 59.
767 2177 896 2227 mutabile
911 2176 982 2222 idem.
993 2197 1025 2209 -··
1039 2169 1093 2230 359·

37 2264 105 2296 auras
114 2255 247 2302 nonnullos
258 2254 341 2317 legisse
353 2266 450 2302 testatur
461 2257 566 2311 Servius,
577 2257 618 2319 qui
630 2271 679 2302 rem
689 2254 749 2300 male
760 2250 854 2314 expedit
866 2249 895 2295 de
905 2246 987 2293 umbra
996 2243 1092 2305 sagitta.

38 2318 124 2377 Immo,
139 2324 170 2370 ad
189 2327 304 2387 majorem
320 2325 488 2388 phantasmatis
503 2326 625 2372 horrorem
635 2342 679 2388 pro
690 2328 752 2371 auras
769 2322 905 2385 exquisitIus
916 2318 975 2363 dixit
987 2312 1094 2366 umbras,

39 2387 62 2434 b.
81 2409 102 2438 e.
123 2397 221 2458 nigrum
238 2413 328 2455 aerem,
346 2415 416 2462 quem
434 2398 560 2445 transvolat
581 2401 678 2462 sagitta:
697 2397 753 2444 hinc
764 2394 846 2442 celeres
863 2390 961 2445 umbre,
975 2399 1001 2433 ut
1012 2383 1096 2431 celer&

40 2476 114 2520 curo,
125 2482 180 2528 qnae
190 2467 300 2516 celeriter
311 2473 471 2517 transmittunt
481 2468 563 2517 telum.
572 2469 618 2516 Vir
627 2483 705 2516 tamen
714 2469 793 2524 Maro,
804 2468 823 2512 si
834 2477 927 2510 carmen
938 2458 1095 2510 emendasset,

41 2543 76 2578 ter
88 2536 174 2584 eadem
187 2555 246 2586 voce
259 2557 342 2588 usnrtu
353 2543 501 2598 rainatas,
513 2543 571 2599 855,
582 2543 636 2604 859.
646 2569 677 2580 —
687 2541 740 2588 too.
752 2541 805 2585 Non
820 2534 910 2590 ratem,
924 2531 966 2580 ⁸0d
980 2526 1054 2608 Tali&
1067 2535 1095 2571 ¹¹²

41 2609 108 2653 toties
120 2610 225 2656 viditnua
236 2614 261 2656 ia
272 2629 330 2660 voce
338 2614 404 2676 fen-e
414 2629 439 2660 se
447 2631 491 2676 pro
502 2615 615 2670 Incedere,
626 2632 648 2661 v.
663 2631 684 2660 c.
696 2609 859 2671 vt1‚l92.-
867 2605 920 2652 86¹·
933 2605 991 2648 “⁶5²⁵
1003 2606 1063 2644 ’Μ
1074 2596 1096 2639 Ῑ·

41 2689 75 2734 pr.
90 2678 194 2736 Moret,
206 2680 271 2742 qnod
281 2697 329 2727 non
341 2682 480 2746 displicebat
492 2684 595 2730 Heinsio.
604 2709 637 2720 -
645 2684 700 2729 862.
716 2684 740 2725 t'n
747 2693 824 2743 pransa
832 2672 943 2721 Waddel.
954 2670 1017 2730 conj·
1032 2663 1096 2726 apud

42 2845 182 2896 venenatis
200 2847 302 2916 sagittis
317 2865 380 2899 usus
400 2866 457 2900 esse
476 2849 548 2920 apud
594 2865 729 2919 quaquam
751 2844 804 2896 hoc
830 2841 923 2893 mortis
954 2833 1095 2907 augurium

44 2939 88 2972 eos
102 2923 209 2993 potuit,
220 2937 339 2976 veterum
354 2940 381 2978 et
396 2940 549 2979 nostrorum
595 2923 807 2996 comparandum
824 2921 858 2973 ad
874 2929 1014 2990 augustum
1027 2912 1095 2965 illud

42 2997 225 3053 barbarorum
234 3004 365 3074 exemplo.
378 3004 427 3056 Fet
437 3007 549 3072 venent',
595 3020 622 3059 et
633 3005 747 3057 sublime
756 3003 930 3074 phantasma,
942 2993 1017 3067 quod
1027 2996 1097 3045 Mes·

44 3093 187 3148 ornate,ut
194 3084 275 3147 vicus,
284 3082 311 3134 id
318 3097 467 3150 est,succus
478 3104 551 3138 ama-

44 3176 105 3225 ras,
118 3164 226 3215 noxius.
243 3161 325 3216 telum
340 3163 549 3226 immedicabile,

46 3241 120 3308 quod
141 3243 240 3296 vulnus
252 3245 402 3298 insanabile
420 3246 494 3298 facit.
510 3247 550 3299 De

46 3337 107 3373 voc.
122 3323 248 3389 Parthus,
257 3326 311 3379 st've
324 3327 412 3396 Cydon
421 3325 475 3378 vid.
486 3328 551 3379 Ver.

46 3401 121 3456 Lect.
146 3418 294 3473 armatam,
310 3410 435 3473 tinctam,
451 3410 553 3461 umbrae

49 3499 101 3551 pro
116 3503 180 3536 aere
192 3486 266 3539 dixit.
279 3489 332 3540 vid.
345 3488 411 3540 ibid.

85 3563 147 3614 862.
160 3565 249 3618 Habet
263 3567 320 3620 hec
334 3571 454 3641 Megaera
466 3569 494 3619 in
506 3567 555 3620 bn-

50 3641 151 3694 bonem
163 3649 276 3698 mutatio
294 3647 410 3720 aliquid,
427 3648 500 3720 qnod
515 3651 556 3700 in·

53 3723 164 3794 signiter
176 3724 212 3776 ad
223 3737 352 3779 terrorem
369 3727 556 3781 accommoda·

55 3812 112 3854 tam
125 3816 166 3856 est
181 3821 213 3856 ex
223 3817 342 3859 veterum
353 3809 554 3878 superstitione;

595 3088 640 3138 slas
657 3085 704 3136 lib.
717 3084 792 3148 Vlll,
804 3081 854 3150 sub
868 3080 963 3143 finem,
975 3075 1096 3130 exhihuit

596 3177 704 3230 auctor,
716 3177 849 3213 summum
858 3158 1006 3211 Germaniae
1018 3174 1098 3206 orna·

596 3258 728 3305 mentnm3
738 3242 785 3294 ubi
791 3240 937 3293 Servatoris
943 3235 1104 3289 moribundi*

597 3337 678 3398 caput
697 3323 750 3375 duo
768 3322 864 3372 Mortis
884 3319 963 3370 Genii
981 3319 1098 3392 septenis

596 3409 667 3480 gyris
683 3401 884 3457 circumvolant.
897 3399 984 3450 Locus
1001 3397 1045 3449 ille
1063 3397 1098 3448 ad

598 3487 737 3539 horrorem
753 3477 937 3534 incutiendum
949 3475 1101 3530 efficacissi-

599 3585 667 3618 mus.
687 3565 825 3615 Maronem
843 3569 965 3610 nostrum
981 3558 1117 3610 imitatur'

599 3642 740 3700 Claudiam
754 3645 784 3693 in'
794 3643 905 3710 Eutrop.
921 3639 958 3704 Il,
972 3655 1022 3708 2²9
1039 3657 1100 3711 sqq.

599 3725 680 3778 Alitis
692 3739 789 3796 parum
801 3718 919 3772 'Videtur
930 3731 1002 3771 recte
1014 3722 1101 3770 moni-

600 3820 657 3858 tum
670 3825 686 3857 a
697 3805 802 3869 Servio,
819 3801 871 3852 hoo
884 3801 1001 3852 alienum
1015 3817 1072 3852 esse
1085 3819 1102 3852 a

55 3897 86 3932 ex
96 3900 151 3953 qua
159 3899 279 3938 recentes
288 3905 396 3958 quoque
403 3899 489 3958 poete
500 3907 557 3940 cer-
600 3886 723 3952 bubone,
732 3901 810 3956 quem
819 3879 914 3954 grandi
921 3897 978 3932 esse
987 3897 1102 3950 corpore

55 3963 131 4013 tatim
148 3967 307 4019 transtulere
323 3969 454 4039 praesagia
469 3967 556 4020 bubo·
601 3967 665 4018 satis
677 3975 790 4016 constat,
802 3963 835 4012 Et
847 3962 934 4034 potuit
946 3971 1028 4031 poeta
1039 3977 1102 4010 noc·

56 4057 120 4093 num
131 4057 159 4097 et
168 4061 336 4102 necatarum.
354 4050 495 4102 Enimvero
508 4068 557 4102 ne·
601 4061 652 4100 tuae
666 4063 749 4118 genus
760 4044 877 4115 aliquot,
890 4061 915 4097 v.
928 4061 952 4095 c.
965 4041 1102 4092 minimam
