2724 4600
236 310 279 397 98
482 305 516 366 P.
540 295 771 363 VlllGlLll
793 288 1024 366 MARONIS

236 430 324 514 Quin
336 431 419 493 intra
432 439 558 514 portas,
571 437 671 510 atque
683 421 761 509 ipsis
774 421 884 508 praelia
896 422 1035 486 miscent

236 534 417 626 Aggeribus
429 550 623 608 moerorum;
637 543 670 592 et
681 525 843 591 inundant
854 529 1011 615 'sanguine
1023 529 1129 592 fossae.

236 633 353 709 iEneas
365 642 495 729 ignarus
507 636 617 700 abest:
632 657 856 723 numquamne
868 635 969 699 levari
1245 651 1272 695 25

236 747 417 816 Obsidione
430 743 537 808 sines?
546 741 648 804 muris
661 740 781 804 iterum
793 740 931 804 inminet
942 738 1046 806 hostis

235 852 404 921 Nascentis
416 847 541 936 Trojte3
553 867 615 911 nec
627 866 695 910 non
707 847 868 910 exereitus
879 846 974 926 alter,

236 966 343 1050 Atque
355 959 475 1020 iterum
487 953 522 1014 in
534 953 681 1016 Teucros
695 950 808 1014 AEtolis
820 951 924 1038 surgit
934 950 976 1014 ab
988 951 1084 1038 Arpis

236 1066 382 1160 Tydides
397 1087 404 1126 :
417 1059 589 1150 equidem,
603 1058 718 1137 credo,
731 1081 805 1123 mea
816 1059 950 1122 volnera
961 1073 1099 1137 restant3

235 1267 284 1305 rur,
296 1250 328 1295 aie
337 1243 440 1292 claresum
448 1235 533 1283 vallum
541 1235 605 1298 apud
613 1235 708 1292 Silium,
720 1248 744 1281 et
757 1235 835 1282 clausa
848 1238 929 1280 moenia
938 1233 962 1280 lr.
972 1234 989 1280 l.
1000 1261 1032 1271 -
1044 1234 1081 1291 ri.
1091 1249 1212 1282 moerurum
1221 1252 1274 1300 pars

234 1323 348 1370 librorum
357 1327 411 1359 cum
425 1308 502 1353 Probo
511 1318 534 1352 et
544 1308 624 1351 Servio
634 1305 673 1351 hie
683 1318 707 1350 et
715 1306 775 1352 infra
786 1307 829 1362 xl,
849 1306 907 1362 382,
925 1306 965 1351 ubi
982 1306 1044 1352 idem
1053 1306 1102 1351 iere
1112 1322 1191 1353 versun
1202 1307 1288 1364 redit;.

236 1396 330 1455 amiqua
340 1382 530 1450 pronuntiatione
539 1395 583 1441 pro
592 1394 724 1434 murorum,
742 1391 769 1424 ut
784 1377 809 1424 in
824 1394 885 1424 coera
894 1390 917 1423 et
927 1377 989 1434 aliie;
1005 1381 1121 1434 mansere,
1131 1381 1251 1442 pomoeriu,
1263 1396 1276 1424 a

236 1477 329 1516 murus,
340 1468 437 1508 moerua,
449 1453 504 1496 item
520 1464 589 1512 poena
594 1484 601 1506 ,
615 1449 688 1494 Poeni.
701 1449 748 1494 Cur
757 1462 834 1495 tamen
843 1465 893 1495 non
901 1451 945 1496 nisi
955 1447 991 1495 lria
1001 1449 1061 1496 binis
1070 1449 1127 1496 locis
1137 1463 1206 1512 poeta
1216 1453 1277 1498 anti·

235 1545 330 1599 quatum
338 1525 383 1572 hoc
392 1534 477 1566 nomeu
487 1519 617 1574 retinuerit,
625 1535 698 1583 quum
706 1521 730 1564 in
738 1518 788 1565 aliia
795 1518 853 1565 locis
861 1533 935 1564 muros
942 1521 1060 1564 communi
1068 1535 1132 1565 more
1140 1519 1276 1582 eloquatur,

236 1602 346 1669 equidem
353 1611 402 1642 non
409 1585 545 1654 expediam,
555 1592 601 1636 nisi
610 1591 670 1636 forte
681 1605 875 1656 uppermoerorum
887 1605 915 1635 ex
923 1583 1008 1647 Ennio,
1017 1590 1110 1636 eutelio
1119 1603 1197 1636 vetere
1207 1603 1277 1654 poeta

236 1677 367 1722 desumtum
377 1664 482 1711 servavit.
495 1659 547 1706 Non
557 1663 618 1706 enim
628 1676 748 1707 moemrum
758 1661 911 1723 deprehendo
920 1663 1031 1722 scriptum
1042 1663 1087 1706 niti
1099 1663 1124 1706 in
1134 1676 1213 1726 uqqere
1223 1675 1279 1706 moe·

235 1758 313 1794 rorum
321 1731 364 1786 ini.
376 1733 432 1794 rid,
445 1745 468 1777 et
479 1727 521 1788 Xl,
537 1731 589 1778 382.
602 1731 672 1792 Quod
683 1733 707 1776 ni
719 1733 751 1777 ita
760 1747 784 1778 cc
794 1731 877 1787 habet,
890 1727 1032 1793 grammatici
1041 1729 1140 1792 alicujus
1149 1731 1278 1777 ludibrium

235 1818 281 1864 hoc
298 1827 346 1859 ente
363 1807 475 1860 arbitror;
492 1819 546 1849 nam
558 1803 624 1849 llom.
637 1815 660 1848 et
670 1801 756 1848 Medic.
769 1799 856 1868 aliique
865 1804 1035 1864 praestantiores
1050 1817 1167 1848 murorum
1181 1801 1276 1848 habeut.

235 1888 315 1936 Potuit
324 1882 388 1936 fieri,
401 1889 427 1923 ut
435 1888 501 1924 vetur
511 1876 677 1940 Grammaticus
688 1889 716 1918 ex
725 1888 768 1919 tuo
777 1865 871 1929 codice,
886 1875 911 1918 in
923 1889 970 1937 quo
981 1888 1102 1918 moerorum
1110 1874 1199 1935 ubique
1209 1873 1279 1934 scrip

235 1972 286 2005 tum
302 1965 363 2008 erat,
381 1949 445 1995 hunc
461 1945 539 1992 locum
551 1943 670 1998 laudaret,
689 1955 761 2006 utque
778 1941 834 1988 hinc
846 1942 1017 1991 increbesceret
1028 1943 1109 2004 opinio
1125 1942 1278 2003 descriptura

235 2029 291 2076 huie
298 2024 352 2070 loeo
360 2015 474 2084 peculiari
484 2032 489 2060 :
500 2030 552 2079 que
562 2015 690 2060 communia
700 2025 749 2058 erat
758 2012 865 2058 omnibus
874 2011 939 2058 locis.
950 2004 977 2056 ln
984 2005 1030 2056 line
1038 2011 1196 2074 verausfolsus
1205 2009 1279 2075 pleri-

233 2114 283 2162 que
298 2096 360 2140 Pier.
377 2087 437 2134 Gud.
454 2085 513 2131 alter
528 2077 611 2128 llrmb.
630 2095 683 2128 tert.
699 2083 809 2129 Rottend.
819 2100 860 2197 qp
869 2077 954 2129 Moret.
964 2098 1018 2128 oum
1027 2095 1080 2128 tert.
1097 2081 1181 2138 Goth..
1197 2084 1277 2144 sieque

236 2167 328 2214 Ser-vina
335 2161 417 2221 legisse
422 2153 527 2224 ¹videtur·¹
531 2151 605 2215 fussee
614 2159 704 2209 tamen,
715 2153 779 2216 quod
789 2155 814 2197 in
850 2145 909 2198 edic.
921 2165 944 2198 et
953 2151 1005 2218 aliis
1014 2145 1125 2210 habetur,
1134 2150 1223 2216 ubique
1230 2150 1279 2197 lee-

236 2251 286 2285 rum
296 2242 345 2279 erat
354 2241 407 2275 ante
417 2227 591 2270 Brmmauuum:
607 2237 629 2270 et
641 2217 705 2269 haud
717 2223 788 2268 dultie
804 2219 848 2267 hoc
866 2221 956 2268 doctius
973 2219 1060 2270 dictum
1071 2240 1076 2269 :
1083 2221 1155 2286 fhssoe
1168 2223 1280 2268 inundant

236 2305 355 2369 sanquine,
367 2295 484 2350 absolute,
496 2310 539 2355 pro
549 2289 651 2355 vulgari,
662 2296 754 2356 supputo
763 2291 949 2356 inundntfossas,
961 2305 987 2339 ut
993 2296 1065 2338 amnis
1074 2294 1168 2342 inundat
1175 2308 1265 2356 campos
1269 2311 1279 2348 ‚-

235 2391 280 2424 nec
296 2366 402 2430 exempla
420 2363 518 2411 aliorum
529 2375 651 2425 poetarum
668 2362 764 2418 desunt,
783 2374 806 2408 et
823 2365 856 2408 sic
867 2355 1011 2408 priscianum
1023 2359 1077 2408 'vlu
1088 2373 1182 2428 quoque
1194 2362 1277 2426 legisse

234 2444 349 2496 notatGe.
357 2437 446 2484 Fabric.
454 2436 483 2479 At
489 2436 568 2479 Burni.
574 2434 652 2498 fossos
662 2433 776 2496 praetulit3
790 2451 863 2497 quum
875 2437 937 2480 enim
946 2439 1039 2482 miscent
1047 2431 1200 2498 praecesserit,
1212 2435 1278 2498 quod

236 2515 267 2561 ad
282 2508 380 2557 Rutulos
391 2505 517 2557 referatur,
531 2505 651 2565 requirere
662 2505 788 2558 rationem,
806 2515 868 2548 utet
880 2503 958 2566 fossas
973 2505 1002 2550 ad
1017 2517 1056 2550 eoa
1066 2495 1188 2550 referatur.
1201 2503 1246 2550 Sed
1257 2507 1279 2550 ai

236 2584 285 2631 haec
297 2577 377 2641 regula
389 2573 465 2621 valere
479 2572 560 2628 debet,
572 2587 621 2617 nou
632 2581 713 2632 pauca‘
719 2573 821 2618 Maronia
831 2572 882 2618 loca
893 2585 963 2619 erunt
974 2572 1123 2630 immutanda.
1135 2573 1241 2618 Errorcm
1251 2585 1278 2618 ut

236 2645 400 2716 praecidamus,
418 2655 471 2706 pou
486 2651 601 2687 murorum
616 2640 686 2703 piem
705 2649 795 2688 tantum
812 2645 1002 2706 interpunctione
1021 2651 1079 2706 uput
1091 2653 1132 2688 eet.
1143 2645 1203 2688 'rein
1215 2643 1279 2690 idem

236 2724 297 2770 in'lra
309 2721 352 2776 ill,
364 2716 408 2763 ³83
421 2718 445 2760 in
456 2712 526 2761 rimili
538 2712 591 2758 loco
596 2711 669 2774 foasoe
677 2712 782 2776 reliquit,
795 2715 909 2778 Equidem
920 2729 969 2759 nou
981 2715 1085 2760 dubitem
1089 2714 1162 2777 fosse
1169 2729 1213 2777 pro
1221 2729 1278 2762 vero

236 2793 332 2840 habere
346 2811 378 2824 ···
389 2773 548 2847 ²531]me
559 2797 586 2828 ne
597 2795 643 2829 flec-
655 2783 739 2833 Moret.
752 2810 784 2820 -
796 2785 832 2830 ²6.
845 2789 925 2830 iterum
936 2785 1017 2830 quidet
1033 2795 1085 2830 tert.
1101 2785 1186 2832 Moret.
1197 2807 1228 2820 ——
1240 2799 1277 2846 ²7·

236 2879 277 2912 nee
292 2877 337 2908 non
353 2860 465 2906 exercitio
475 2853 730 2901 alter.1{cmisuchium
744 2856 801 2902 mihi
815 2857 938 2904 videbatur
949 2857 1046 2918 frigere,
1062 2855 1137 2902 multo
1148 2859 1231 2918 maqia,
1245 2859 1278 2914 ai,

238 2949 265 2984 ut
282 2935 331 2982 iere
348 2931 447 2984 iactum,
460 2926 530 2990 plene
541 2929 715 2988 interpunqitur
727 2940 779 2990 poat
789 2926 864 2974 alter:
876 2929 922 2976 Sed
936 2928 1099 2975 bencmonuir
1109 2929 1210 2974 Brunck.
1224 2945 1280 2974 cum

237 3022 302 3070 seqq.
314 3003 384 3053 verba
395 3001 444 3046 ltaee
457 3015 505 3045 ease
514 2997 647 3061 jungend23
661 3001 703 3044 etti
713 2999 750 3047 vel
759 3002 792 3046 tic
801 3000 860 3046 dura
870 3012 903 3046 eat
912 3003 994 3046 oratio.
1007 3025 1038 3034 -
1050 2999 1086 3045 28.
1101 3009 1178 3062 serpet
1190 3001 1277 3046 Medic.

239 3076 301 3124 Gnd.
314 3088 337 3122 et
348 3073 388 3120 alii
399 3073 478 3117 lleina.
488 3086 515 3116 ac
526 3071 618 3125 Burm,
630 3071 706 3116 minua
715 3067 784 3118 hene.
797 3071 873 3117 Poctae
884 3063 1011 3118 videndum
1023 3082 1068 3125 eat,
1087 3082 1113 3114 ut
1124 3085 1193 3130 quam
1205 3074 1281 3116 maxi—

238 3165 276 3194 me
285 3148 310 3194 in
319 3154 455 3210 presentem
464 3157 514 3188 rem
523 3139 621 3187 leeto'ret
630 3141 738 3190 adducat.
751 3142 779 3188 ab
790 3145 850 3188 arvis
861 3160 897 3206 pr.
906 3133 972 3187 l'ora.
984 3166 1015 3176 -
1027 3156 1063 3201 ²9·
1075 3155 1110 3184 me
1120 3156 1141 3182 υ.
1156 3139 1214 3185 ilier
1226 3143 1281 3189 Me.

239 3281 735 3338 nonisconeesoerint:utfereservius.
780 3282 916 3334 etiterum
935 3292 973 3328 rs.
991 3278 1024 3346 74
1041 3285 1140 3344 castra,
1158 3278 1279 3352 vallum,

239 3395 274 3405 -
288 3366 329 3430 aq.
342 3359 479 3434 apperibus
489 3368 629 3413 moerorum
640 3378 671 3414 ex
682 3361 737 3413 En·
780 3358 944 3428 quodprimo
950 3365 1060 3406 escensu
1068 3370 1276 3427 occupaverant.

239 3445 295 3507 irio,
304 3455 349 3494 aut
358 3441 410 3492 alio
421 3447 508 3492 vetere
521 3453 602 3510 poeta
611 3441 734 3493 ductum:
778 3453 803 3488 t.
821 3455 878 3506 sup.
892 3429 1000 3486 Excurs.
1016 3432 1050 3485 lll
1066 3434 1099 3486 ad
1111 3435 1158 3488 lib.
1171 3438 1226 3492 Vll.
1241 3472 1277 3482 -

239 3532 264 3574 v.
277 3523 341 3572 Ver.
354 3516 425 3570 Leet.
436 3549 470 3557 -
482 3517 523 3571 ai.
536 3519 734 3593 Nunquamne,
779 3525 821 3580 υ.
837 3515 893 3566 Nec
904 3527 959 3565 non
968 3514 1034 3567 alter
1045 3519 1174 3570 exercitui
1183 3528 1208 3572 et
1215 3519 1278 3573 Dio-

240 3619 273 3653 an
284 3599 383 3668 ubique
396 3616 425 3648 ea
438 3599 496 3668 ipsa
510 3594 618 3649 fortuna
630 3608 733 3660 manet,
778 3593 867 3646 medes
884 3597 968 3667 surgit
979 3596 1072 3648 AEtolis
1086 3597 1119 3648 ab
1134 3597 1227 3670 Arpis,
1240 3601 1275 3652 ab

239 3689 268 3731 nt
276 3675 415 3729 obsidione
425 3692 452 3728 se
460 3691 565 3748 pressos
578 3675 734 3727 videmn-
778 3670 870 3725 AEtolis
894 3671 942 3725 suh
954 3673 1084 3729 Diomede
1102 3677 1222 3745 insessis,
1240 3677 1275 3732 ad

241 3757 282 3810 αθ.
293 3755 375 3807 muns
389 3755 516 3806 nascentis
525 3754 623 3826 Troju:
636 3751 735 3822 magni·
779 3763 857 3823 quem
879 3749 944 3806 beili
965 3757 1091 3808 societate
1110 3757 1275 3830 jungendum

239 3835 373 3888 ficeeffert
381 3846 518 3903 remque
527 3847 581 3883 nnn
591 3828 734 3895 intellecto,
779 3834 852 3884 missi
860 3830 1064 3888 crautalcttmia
1073 3832 1162 3908 legati.
1171 3837 1206 3888 cf.
1215 3846 1273 3908 aup.

240 3913 274 3966 tle
286 3913 351 3966 urbe
363 3925 433 3964 nova
447 3913 528 3980 'l'roja
540 3907 648 3961 condita
659 3905 736 3960 multi
779 3907 852 3979 viu,
867 3929 899 3980 9,
910 3926 935 3965 et
944 3909 990 3966 lib.
1001 3915 1050 3983 xl,
1061 3913 1111 3968 225
1121 3931 1179 3984 sqq.
1187 3945 1222 3954 -
1231 3928 1272 3984 29.

239 3992 397 4067 'cogitarunt
409 3991 444 4044 At
458 3992 528 4044 enlm
539 3985 658 4040 declarat
672 3985 734 4055 hic,
777 3989 924 4064 Supersunt
938 3991 1025 4048 adhuc
1036 3995 1170 4048 cicatrices
1182 3991 1275 4049 vulne·
