2690 4596
444 333 712 422 Ι1111111111.

82 463 254 526 Hectoreae
267 459 373 548 gentis
386 457 531 547 signum,
545 457 756 548 illustresque
768 462 896 528 tulisset

79 569 209 633 Primus
221 590 320 630 avum
332 565 458 646 titulos,
472 566 625 655 Trojanae
638 567 747 654 stirpis
760 568 863 655 origo.

125 672 261 737 Talibus
273 687 373 760 atque
385 671 471 749 aliis,
485 671 572 754 inter
582 689 617 735 se
630 671 728 759 longa
740 671 914 738 trahebant

78 782 247 867 Tempora
260 801 267 839 ι
282 799 385 866 quum
398 777 562 857 fremitus,
576 777 725 867 laetaeque
736 802 798 866 per
809 780 889 844 atria
901 803 999 848 voces
1085 801 1129 850 530

80 887 154 951 Alta
165 885 291 962 volant,
305 883 444 971 strepitu
457 882 583 970 ingenti
595 899 719 947 tectum
733 907 831 950 omne
845 886 1000 974 repletur.

80 993 169 1055 Dant
181 991 291 1055 lucem
302 987 458 1067 flammae,
473 1004 506 1051 et
517 988 584 1052 lato
597 987 774 1075 splendore
787 989 970 1064 coruscant.

80 1099 293 1184 Consurgunt
305 1094 464 1183 Phryges,
479 1110 512 1157 et
523 1092 648 1158 cithara
659 1113 835 1161 resonante
847 1115 1033 1186 sequuntur

80 1203 231 1281 Ausonii,
246 1219 279 1265 ct
290 1201 443 1289 plausum
455 1200 673 1287 ingeminant,
688 1223 790 1292 seque
803 1205 933 1292 agmine
946 1221 1017 1271 toto

79 1309 297 1386 Permiscent‚
311 1307 506 1394 variantque
518 1305 635 1394 pedes,
650 1309 836 1397 raptimque
849 1310 1011 1376 feruntur.
1086 1327 1130 1378 535

125 1417 168 1478 Et
175 1416 245 1505 jam
258 1414 340 1478 festa
353 1435 475 1476 novem
487 1412 579 1499 largo
591 1413 756 1478 connubia
769 1415 848 1480 luxu

78 1523 262 1608 Attigerant
274 1517 437 1582 celebrata
450 1516 521 1580 dies
534 1540 540 1578 :
555 1534 626 1579 turn
638 1519 799 1584 maximus
812 1522 920 1584 Heros

39 1687 46 1694 .
79 1631 198 1692 AEneus
212 1623 329 1688 urbem
341 1644 443 1687 curvo
456 1621 605 1709 signabat
616 1638 738 1702 aratro,

79 1729 344 1819 Fundabantque
357 1726 490 1807 domne,
505 1743 538 1791 et
549 1728 683 1792 amictas
695 1751 814 1816 aggere
828 1729 940 1796 fossas.

79 1841 167 1903 Ecce
179 1852 290 1900 autem
303 1836 407 1899 fatum
419 1831 509 1896 baud
522 1856 681 1920 parvum:
696 1833 888 1900 diffundere
900 1837 1066 1905 flammam
1086 1854 1130 1912 540

78 1996 209 2070 aquilam.
222 1996 298 2045 Hanc
309 1994 423 2044 Romani
439 2011 488 2063 pro
501 1993 596 2064 insigni
610 2005 637 2044 et
652 1991 749 2043 vexillo
761 1991 914 2058 habebant,
927 1997 991 2064 quia
1005 2016 1055 2067 per
1067 2016 1131 2050 aus-

79 2080 181 2150 picium
194 2075 358 2146 aquilarum,
371 2073 485 2124 inditum
500 2086 540 2124 est
553 2093 569 2124 a
578 2072 692 2124 Romulo
703 2073 764 2123 urbi
777 2090 882 2124 nomen.
898 2073 973 2127 Unde
986 2076 1129 2146 Lucanus,

78 2158 157 2231 signu
163 2195 173 2221 ,
180 2172 257 2226 pares
266 2150 375 2225 uqru'las.
389 2151 500 2203 Adludit
510 2171 573 2224 ergo
584 2151 619 2203 ad
629 2154 809 2202 Romanorum
820 2154 911 2224 signa,
923 2172 981 2224 quae
991 2155 1130 2225 Trojanist,

78 2240 161 2292 etiam
174 2235 244 2287 uude
257 2233 364 2286 oriundi
379 2246 457 2298 sunt,
470 2233 598 2285 Dardano
616 2233 650 2284 ab
663 2234 728 2283 Jove
742 2231 814 2283 dono
826 2231 890 2284 data
902 2234 1013 2307 affingit.
1023 2267 1059 2276 —-
1068 2238 1131 2290 532.

77 2321 154 2372 Dant
168 2316 249 2367 lucem
255 2315 386 2392 flammae.
402 2315 463 2366 llaec
477 2333 584 2385 quoque
597 2315 669 2385 Virg.
686 2313 739 2366 Sed
753 2333 821 2366 vena
838 2328 938 2386 quanto
953 2317 1082 2369 feliciori!
1094 2349 1130 2360 -

77 2401 117 2451 Et
126 2395 468 2474 noctemflammisfunalia
483 2396 600 2446 vincunt.
616 2395 720 2447 AEneid.
734 2397 760 2460 l,
775 2395 833 2464 731.
845 2427 879 2435 -
890 2395 950 2449 535.
966 2399 994 2450 V
991 2400 1131 2473 ariumque

75 2479 173 2550 pedes..
187 2475 293 2528 Scilicet
305 2475 428 2527 saltando
439 2475 474 2527 ad
486 2475 610 2526 modulos
618 2475 791 2546 psallentium
803 2477 831 2526 in
841 2475 886 2526 lib.
899 2477 1047 2530 v1AEneid.
1059 2481 1128 2547 6441

77 2577 140 2631 pars
149 2556 259 2627 pedibus
271 2549 406 2627 plaudunt
417 2554 531 2608 choreas.

116 2637 177 2690 536.
191 2638 292 2706 Etjam
303 2635 375 2706 sesto
389 2654 480 2686 novem
497 2635 571 2707 largo
585 2636 718 2687 connubia
737 2634 820 2699 luxu,
839 2649 888 2687 etc.
904 2638 1007 2689 Novem
1025 2637 1130 2690 dierum

80 2732 187 2789 tempus
204 2718 299 2786 priscis
317 2715 475 2766 caerimoniis
495 2733 564 2786 saepe
582 2716 732 2767 adhibitum
748 2716 878 2785 legimus,
896 2716 969 2785 quod
987 2728 1014 2770 et
1032 2732 1130 2771 nostras

78 2798 218 2870 religionis
231 2807 376 2846 sectatores
389 2794 533 2845 observant
546 2797 573 2845 in
585 2795 790 2866 purgationibus
803 2807 830 2845 et
843 2795 922 2846 rebus
935 2796 1131 2848 1111111111-

79 2878 141 2932 538.
157 2877 255 2926 AEneas
268 2873 358 2924 urbem
371 2890 450 2924 curvo
461 2873 582 2945 sipnabut
593 2885 689 2924 aratro.
707 2875 776 2924 Nam
792 2872 826 2925 ab
842 2892 923 2938 urvo,
940 2888 1017 2944 parte
1033 2879 1130 2944 aratri,

77 2959 179 3010 dictam
193 2956 281 3007 urbem
294 2953 350 3004 vult
366 2951 480 3004 Servius.
502 2952 677 3005 Ducebantur
690 2967 778 3005 autem
794 2954 910 3023 primum
926 2957 1023 3007 moenia
1037 2970 1128 3008 aratro

77 3038 153 3112 quod
162 3039 211 3089 bos
221 3049 247 3088 et
254 3053 339 3106 equus
351 3035 505 3099 trahebant,
514 3049 543 3086 ut
553 3037 626 3105 pacis
635 3049 660 3087 et
667 3035 731 3086 belli
740 3034 867 3086 felicitate
875 3035 1023 3106 gauderent
1032 3059 1038 3086 ε
1048 3055 1129 3107 quem

79 3120 148 3172 Cato
158 3118 187 3167 in
196 3114 349 3187 Originibus
363 3113 428 3165 dicit
439 3132 541 3165 rnorem
548 3115 639 3166 fuisse.
649 3114 702 3165 Ubi
711 3131 775 3165 vero
786 3125 864 3184 porta
876 3113 960 3179 fieret,
968 3116 1128 3186 portabatur

79 3209 216 3261 aratrum,
230 3193 301 3246 unde
318 3212 334 3246 a
350 3193 481 3265 portando
490 3231 499 3258 ,
516 3205 623 3265 portam
639 3191 739 3244 dictam
750 3193 860 3244 volunt:
882 3194 966 3245 Varro
986 3208 1074 3246 tamen
1092 3196 1127 3246 ab

81 3275 256 3348 imponandis
271 3273 368 3336 rebus;
386 3273 433 3326 sed
448 3273 501 3325 hoc
514 3275 602 3347 ipsum
613 3292 629 3325 a
639 3283 754 3340 portare.
768 3272 837 3324 Vide
849 3274 953 3324 AEneid.
964 3275 1002 3341 V,
1016 3273 1085 3344 755,
1100 3287 1128 3328 et

80 3358 202 3410 Servium
215 3358 243 3407 in
253 3358 323 3406 notis
334 3377 341 3406 z

185 3456 291 3506 Interea
303 3455 397 3507 AEneas
409 3455 504 3506 urbem
517 3453 639 3527 designat
652 3466 758 3519 aratro,

185 3535 352 3605 sortiturque
365 3534 474 3601 domos,
489 3544 537 3586 etc.

79 3679 115 3688 -
124 3647 184 3718 539.
197 3649 406 3721 Fundabantque
418 3649 514 3702 domos.
528 3649 634 3701 Scilicet
645 3649 746 3712 Troes,
760 3647 824 3717 quia
837 3644 932 3696 servile
944 3657 984 3696 est
994 3643 1137 3714 officium,-

79 3728 128 3781 sed
135 3731 249 3799 primum
259 3729 362 3780 sulcum
374 3728 508 3782 deducere
517 3728 696 3800 pontificiule:
706 3726 777 3779 unde
788 3724 855 3778 illud
862 3724 969 3777 famulis
978 3724 1031 3777 boc
1040 3728 1130 3779 AEneae

78 3809 180 3861 tribuit.
192 3841 226 3849 -
237 3809 297 3877 510.
312 3810 381 3860 Ecce
398 3819 488 3859 autem
499 3810 593 3880 fatum
611 3808 685 3859 haud
697 3825 818 3879 parvum.
837 3805 889 3856 Alii
902 3805 968 3874 satu
981 3805 1085 3876 legunt,
1104 3819 1131 3858 et

79 3889 179 3940 rectius
194 3888 320 3959 quidem3
332 3902 363 3939 ut
378 3889 427 3950 sit,
443 3887 518 3939 haud
535 3907 665 3959 parvum,
680 3905 721 3938 res
739 3884 813 3936 haud
827 3902 911 3955 parva
921 3883 1002 3954 fatu,
1021 3882 1056 3934 ad
1072 3885 1131 3936 fan·
1184 3915 1190 3926 ·

83 3967 166 4035 dum,
181 3980 227 4020 aut
239 3969 302 4020 dum
315 3969 404 4021 latur:
420 3980 466 4019 aut
477 3986 539 4020 ecce
552 3981 641 4020 autem
653 3967 822 4039 prodigium,
836 3963 909 4035 quod
921 3966 1002 4016 etiam
1013 3962 1130 4014 Ascanio

80 4059 107 4100 et
118 4048 235 4100 baviuiae
247 4049 389 4120 contigisse
401 4046 478 4100 Maro
490 4048 656 4099 memoravit.
671 4047 769 4099 Omnia
785 4046 866 4118 igitur
880 4045 990 4094 iuventa
1003 4053 1064 4091 sunt
1076 4036 1132 4092 Ma-

947 4147 988 4199 29.
