2690 4596
216 251 280 342 392
557 249 824 318 excursos
848 251 909 317 ιιι

250 375 383 444 Tandem,
395 387 424 428 ιιι
438 375 575 446 superiora
590 375 696 428 facilius
715 377 803 426 animo
819 371 1045 446 comprehendere
1064 375 1161 443 liceat,
1180 388 1268 450 utque

170 503 172 508 .
215 469 384 530 pertexamus
398 473 528 508 annorum
539 475 621 528 supra
631 456 679 508 To.
693 458 716 506 ll
728 458 835 511 Excute.
848 458 871 507 ll
883 455 919 508 ed
932 456 978 508 lib.
996 458 1032 508 111
1047 457 1208 512 inchoatam
1225 479 1269 512 se·
1332 453 1333 456 ¹

216 539 296 601 riem,
308 539 401 607 paucis
414 539 564 588 notationes
577 537 746 605 subjiciemus
761 547 924 606 temporum,
938 537 973 587 ad
987 555 1045 607 quse
1060 555 1103 590 res
1118 540 1178 591 istae
1191 557 1272 591 revo-

216 619 272 668 cari
282 614 377 669 solent.
387 615 503 670 Omnino
513 617 665 668 notationes
673 616 733 668 illas
745 617 918 686 scriptorum,
931 619 977 686 qui
987 617 1078 669 multis
1088 631 1152 689 post
1163 619 1272 670 saeculis

217 697 341 764 antiquas
359 714 400 748 res
418 697 578 748 constituere
597 708 624 747 et
640 697 716 746 annis
731 694 807 746 linire
823 695 978 761 voluerunt,
999 715 1084 767 opera
1103 699 1194 750 factas
1212 715 1273 749 esse

215 773 387 826 statuendum
394 787 434 826 est
443 798 449 826 ι
459 793 520 826 nam
529 769 664 841 πικρίδια
675 773 734 838 ills,
746 785 774 825 et
782 787 830 843 per·
839 773 942 844 aliquot
953 774 1113 826 seculorum
1123 775 1273 827 decursum

214 863 323 922 patrum
332 855 485 906 narratione
497 853 531 905 ed
538 855 718 924 posteritatem
731 854 898 914 transmisse,
911 865 937 905 et
948 866 1061 925 propter
1071 853 1127 906 hoc
1138 857 1233 925 ipsum
1244 853 1272 905 in

215 943 271 982 tam
278 932 369 984 multis
377 935 493 997 vanata,
501 936 545 984 vix
556 936 631 985 annis
641 933 695 984 suis
705 945 759 984 tem
770 945 892 984 accurete
901 933 1004 1004 alligari
1011 937 1132 1003 jamtum
1142 947 1272 1006 potuere,

217 1030 300 1082 quarm
312 1015 427 1082 primum
436 1015 553 1084 aprincis
564 1011 716 1066 hominibus
726 1025 834 1066 narrata
847 1025 920 1075 sunu
933 1031 1020 1084 neque
1035 1013 1105 1066 adeo
1118 1015 1215 1082 mirari
1225 1013 1274 1064 de·

216 1089 325 1158 bemus,
338 1096 361 1146 si
370 1092 421 1146 hos
433 1096 505 1164 ipsos
515 1111 601 1146 annos
612 1093 757 1144 fluctuante
769 1092 914 1144 admodum
924 1091 977 1144 fide
989 1105 1016 1144 et
1028 1093 1193 1146 auctoritate
1206 1113 1274 1146 con-

217 1174 324 1223 stitutos
331 1172 571 1225 viderimus..luvat
578 1185 667 1224 tamen
678 1174 795 1223 rationes
805 1189 837 1223 ac
847 1171 942 1224 modos
951 1175 1090 1242 persequi,
1102 1173 1203 1244 quibus
1212 1173 1272 1228 lraec

219 1251 328 1326 digessit
339 1254 506 1305 subtiliorum
518 1255 679 1324 scriptorum
691 1251 837 1324 diligentia.

255 1335 326 1384 lnter
337 1333 392 1385 haec
404 1335 563 1400 tenendum,
576 1333 649 1403 qnod
664 1333 807 1404 scriptores
818 1333 896 1383 tertio
910 1333 943 1384 ab
956 1335 1044 1385 exciso
1059 1333 1110 1385 nio
1124 1353 1197 1386 anno
1213 1336 1273 1385 fao-

218 1422 277 1462 tum
290 1413 379 1474 aiunt,
392 1425 421 1462 ut
433 1414 528 1464 AEness
541 1412 575 1464 ad
588 1413 692 1464 ltaliam
704 1413 857 1474 accessesit,
872 1411 924 1463 hoc
935 1413 1075 1484 Virgilium
1085 1415 1114 1465 in
1127 1415 1272 1485 septimum

220 1492 347 1560 rejicere,
358 1490 387 1541 id
402 1491 475 1561 quod
488 1509 570 1561 supra
578 1492 640 1542 Exc.
654 1493 677 1542 ll
688 1491 723 1542 ed
734 1491 781 1542 lib.
794 1492 830 1542 lll
838 1492 960 1543 vidimus.
973 1494 1073 1564 ltaque⁴

522 1634 546 1667 a.
560 1614 588 1666 C.
600 1616 634 1665 Ν.
652 1615 727 1685 1178.
740 1616 828 1666 Error.
841 1617 928 1666 AEneae
942 1634 966 1687 7.

219 1726 273 1780 Sub
287 1731 383 1780 esuris
396 1730 506 1797 exitum,
519 1731 553 1782 ad
564 1731 668 1802 Virgilii
678 1743 807 1796 mentem,
818 1733 927 1802 Trojani
936 1731 1046 1784 classem
1059 1730 1094 1782 ad
1107 1731 1270 1783 Laurentum

221 1809 377 1880 appellunt:
392 1829 502 1864 escensu
514 1814 587 1864 facto
599 1813 680 1882 Troja
691 1831 762 1864 nora
773 1815 906 1864 munitur:
923 1811 1010 1863 foedus
1027 1829 1088 1862 cum
1105 1813 1203 1864 Latino
1214 1813 1271 1864 fac-

220 1900 278 1939 tum
295 1891 440 1960 repentinis
460 1894 608 1944 animorum
625 1891 765 1944 discordiis
786 1895 938 1963 rumpitur:
955 1893 1039 1944 oritur
1058 1891 1177 1957 bellurn,
1198 1891 1270 1963 quod

221 1967 305 2018 Turni
315 1968 385 2021 caede
395 1971 465 2023 intra
475 1972 571 2022 mensis
579 1970 720 2022 decursum
730 1971 834 2037 linitur,
843 1990 868 2023 v.
880 1971 973 2044 paullo
981 1983 1042 2022 ente
1052 1971 1116 2023 Exc.
1128 1973 1153 2036 l,
1163 1984 1194 2022 ut
1204 1970 1271 2023 adeo

221 2045 331 2118 Trojeni
340 2049 449 2102 sedibus
461 2053 488 2103 in
500 2053 576 2102 Latio
590 2053 705 2124 acceptis
715 2053 749 2104 de
759 2068 828 2104 nova
837 2053 903 2104 urbe
912 2051 1036 2116 Lavinio,
1048 2070 1082 2103 ex
1093 2051 1197 2104 foedere
1209 2071 1272 2103 con·

222 2126 325 2194 denda,
337 2133 454 2201 cogitare
468 2135 524 2201 jam
539 2145 727 2202 tumpossent.
746 2134 777 2184 ln
794 2132 846 2184 hoc
861 2132 932 2186 ,asico
950 2131 1068 2184 AEneidis
1086 2144 1272 2205 argumentum

222 2204 326 2258 absolvi
337 2209 460 2261 vidimus.
473 2212 586 2283 Reliqua
598 2231 647 2282 per
659 2212 781 2284 episodie
791 2213 891 2264 inserta
902 2214 999 2283 passim
1013 2223 1084 2262 sunt.
1332 2203 1333 2212 ¹

329 2349 353 2382 u.
367 2329 396 2382 C.
409 2333 443 2383 N.
459 2351 535 2406 1177.
547 2321 636 2388 Error.
654 2317 741 2388 AEneie
753 2338 783 2402 8,
797 2335 830 2388 ab
843 2333 959 2388 adventu
971 2335 997 2386 in
1011 2333 1119 2387 Italiam
1134 2351 1159 2386 a.

257 2445 325 2498 Solis
340 2449 463 2518 Trojenis
479 2453 594 2522 imperat
609 2455 721 2517 AEneas,
735 2453 769 2504 ad
780 2454 900 2524 Dionysii
916 2463 1031 2503 mentem
1043 2450 1092 2502 lib.
1106 2450 1132 2514 Ι,
1144 2448 1189 2514 64.
1201 2445 1269 2498 Anni

224 2521 353 2578 adrentus
372 2529 458 2581 AEneae
474 2531 501 2581 in
515 2531 620 2583 ltaliam
641 2531 675 2584 ab
696 2543 839 2584 auctumno
862 2530 896 2582 ad
908 2538 1086 2582 'auctumnum
1102 2525 1267 2598 procedunt:

223 2602 345 2733 ffeoque
357 2625 441 2658 annus
455 2607 500 2661 hic
511 2628 562 2682 pro
574 2611 661 2682 primo
673 2624 699 2663 et
710 2629 761 2682 pro
776 2611 861 2664 altero
878 2609 1027 2681 computari
1042 2618 1148 2679 potem
1161 2604 1209 2658 sed
1219 2604 1269 2656 hoc

251 2695 337 2736 terum
350 2689 481 2740 usitatius.
1184 2699 1187 2713 ³

458 2832 482 2864 a.
495 2812 524 2864 C.
537 2813 570 2864 Ν.
588 2813 663 2884 1176.
678 2833 702 2867 a.
717 2812 844 2866 adventus
858 2814 887 2864 in
897 2811 1000 2864 Italiam
1011 2809 1037 2861 3.
1111 2789 1115 2796 ⁵

260 2925 361 2978 Bellum
369 2927 525 2980 Latinorum
534 2929 767 2999 Trojanorumque
777 2945 840 2980 cunr
846 2925 959 2978 Rutulis.
972 2925 1082 2976 Latinus
1092 2933 1120 2974 et
1129 2921 1234 2972 Turnus
1243 2922 1269 2970 in

222 3005 315 3075 prelio
328 3007 551 3066 cecinna-Encas
562 3009 634 3060 solus
646 3000 754 3079 utrique
765 3006 867 3080 populo
883 3009 1009 3078 imperat?
1026 3003 1063 3055 fid
1079 3015 1196 3054 mentem
1206 3002 1269 3052 Εἶθ’

223 3079 291 3154 ripsii
303 3085 349 3136 lib.
364 3087 390 3152 l,
403 3086 445 3151 64.
839 3099 841 3107 ’
983 3115 984 3120 ’

257 3163 342 3215 Aliter
352 3165 478 3237 Virgilius
489 3179 580 3218 noster
590 3177 632 3219 res
644 3168 731 3218 AEnee
741 3165 889 3236 disposuit,
898 3174 1026 3235 sequutus
1034 3179 1096 3228 eos,
1103 3161 1153 3230 qui
1162 3159 1269 3210 AEneam

224 3246 302 3296 tertio
317 3248 406 3300 statim
421 3263 491 3298 anno
508 3247 588 3298 rebus
604 3245 727 3298 humanis
746 3258 867 3316 ereptum
885 3255 1066 3302 narraverant.
1089 3241 1160 3292 Nam
1180 3235 1225 3290 lib.
1245 3239 1268 3304 l,

225 3323 499 3396 263....266.1upiur
516 3328 614 3380 Veneri
632 3327 719 3378 AEneae
731 3329 788 3378 fote
801 3343 952 3398 exponens:
972 3319 1094 3385 Bellum,
1112 3323 1166 3383 eit,
1185 3318 1269 3390 {oyem

222 3403 399 3475 percurrite,
410 3405 574 3478 populosque
580 3405 681 3476 feroces
695 3407 855 3470 Contundct,
868 3421 1001 3476 moresque
1010 3401 1105 3454 oiriset
1115 3399 1212 3452 monia
1221 3417 1269 3468 po-

121 3481 123 3491 *
224 3493 283 3542 aet,·
304 3484 392 3534 Tertia
406 3486 468 3536 dum
484 3487 560 3538 Latio
579 3495 729 3558 regnantem
749 3486 842 3537 viderit
859 3495 945 3549 astas,
965 3483 1104 3553 Tereaque
1124 3479 1270 3532 transierint

224 3561 327 3615 Rutulis
342 3564 450 3616 lrilsema
459 3567 587 3631 subactis,
606 3565 679 3636 quod
695 3565 795 3617 scilicet
807 3567 893 3635 primo
906 3564 996 3615 statim
1008 3576 1080 3612 auno
1093 3573 1152 3611 erat
1163 3561 1268 3610 fectum.

224 3641 257 3690 Et
269 3659 300 3691 eo
313 3655 433 3712 spectant
445 3643 508 3696 diroe
518 3645 646 3709 Didonis,
659 3644 704 3696 lib.
713 3645 866 3713 1v,618....
878 3645 944 3706 620,
959 3657 1005 3693 nec
1015 3655 1102 3711 quum
1111 3657 1139 3689 se
1150 3638 1198 3690 rub
1210 3635 1269 3710 leues

222 3721 295 3792 pacis
307 3719 406 3791 iniqua
422 3722 585 3790 Tradiderat,
599 3743 678 3797 regno
694 3735 744 3776 aut
753 3735 841 3796 optata
855 3722 913 3774 luce
926 3723 1051 3792 fruatur3
1064 3719 1117 3770 Sed
1125 3719 1202 3769 cudat
1212 3727 1268 3767 ants

224 3798 293 3849 diem
296 3835 305 3863 ‚
315 3798 453 3870 mediaque
462 3801 613 3854 inhumatus
622 3821 710 3854 arena.
720 3805 781 3854 Haeo
792 3801 825 3854 de
831 3803 945 3854 triennio
953 3801 1040 3850 AEneae
1052 3797 1081 3846 in
1091 3795 1170 3851 ltalia
1181 3807 1267 3847 erecto

223 3880 342 3930 narratio
353 3879 459 3931 videtur
467 3881 529 3934 hinc
537 3883 720 3954 vulgatissima
729 3885 798 3934 inter
807 3896 908 3934 ceteras
916 3883 996 3933 fecta.
1007 3878 1121 3930 Orosius
1133 3895 1239 3948 quoque
1247 3876 1270 3936 l,

228 3961 278 4022 18,
296 3959 401 4023 AEneae,
421 3957 512 4028 qualia
525 3979 575 4030 per
598 3961 742 4032 triennium
760 3959 827 4012 setta
847 3959 1015 4021 excitaverit,
1033 3965 1148 4027 quantos
1165 3953 1270 4028 populos

227 4034 402 4106 implicuerit,
419 4037 478 4088 odio
495 4039 650 4113 excidioque,
662 4041 805 4116 afflixerit,
824 4040 885 4113 ludi
899 4037 1009 4100 literaria·
1025 4035 1170 4110 disciplina
1186 4046 1270 4090 nosue
