2724 4600
355 295 590 362 AENEIDOS
614 298 767 362 LIBER
791 301 829 365 X.
1052 309 1111 398 175

66 423 267 503 Amborum,
283 437 316 486 et
327 437 436 486 tantos
448 419 646 484 mortalibus
654 443 725 486 esse
737 421 881 504 labores;

70 529 159 594 Hine
170 532 300 602 Venus,
313 526 391 592 hinc
403 542 516 592 contra
529 541 654 612 spectat
665 527 815 592 Saturnia
825 531 928 611 Juno;

69 635 195 700 Pallida
207 633 393 722 Tisiphone
405 631 516 698 media
527 633 613 696 inter
624 632 727 696 millia
736 635 837 698 saevit.

70 744 112 804 At
124 764 206 804 vero
218 741 387 828 ingentem
399 738 551 826 quatiens
563 738 746 802 Mezentius
759 737 886 804 hastam

71 845 244 911 Turbidus
256 843 441 932 ingreditur
451 865 583 930 camp03
596 866 696 932 quam
706 867 845 931 magnus
855 846 974 926 Orion,

71 954 185 1034 Quum
196 950 299 1039 pedes
311 947 435 1014 incedit
447 947 555 1014 medii·
560 971 621 1036 per
632 949 772 1012 maxima
784 950 883 1014 Nerei

73 1059 194 1145 Stagna
206 1057 292 1120 viam
304 1054 472 1133 scindens,
486 1053 626 1118 humero
638 1055 863 1143 supereminet
874 1054 994 1136 undas,
1074 1074 1116 1134 765

73 1169 153 1243 Aut,
167 1164 304 1228 summis
317 1162 465 1226 referens
476 1184 634 1226 annosam
642 1162 813 1227 'montibus
826 1185 958 1242 ornum,

74 1268 330 1358 Ingrediturque
343 1268 429 1346 solo,
444 1283 477 1331 et
490 1284 590 1354 caput
601 1268 687 1332 inter
698 1267 812 1332 nubila
823 1267 955 1333 condit:

74 1376 164 1439 Talis
178 1397 214 1438 se
226 1374 324 1439 vastis
336 1373 436 1438 infert
447 1374 630 1438 Mezentius
642 1375 751 1437 armis.

75 1481 162 1545 Huic
174 1496 288 1544 eontra
300 1481 430 1557 iliacas,
444 1479 631 1566 speculatus
644 1481 678 1542 in
690 1480 821 1567 agmine
833 1479 947 1568 longo,

75 1586 201 1651 Obvius
213 1585 260 1649 ire
273 1601 507 1673 parat:manet
519 1586 747 1672 inperterritus
760 1585 829 1664 ille,
1074 1620 1119 1667 77⁰

76 1694 215 1756 Hostem
227 1691 473 1779 magnanimum
486 1692 677 1780 opperiens,
692 1708 725 1755 et
736 1691 824 1755 mole
836 1712 894 1754 sua
907 1707 983 1772 stat;

75 1842 175 1888 Macrob.
190 1843 220 1896 V,
239 1841 273 1886 16.
288 1845 423 1886 miserentur
435 1841 477 1886 Ed.
490 1841 515 1885 P.
530 1843 589 1886 Dan.
603 1865 634 1876 —-
648 1841 701 1903 760.
716 1850 818 1904 spectant
828 1841 928 1896 Medio,
943 1843 1060 1900 (sedam.
1073 1850 1120 1909 pr.)

77 1914 139 1976 quod
153 1912 260 1976 placebat
274 1915 378 1959 Heinsio.
392 1913 471 1958 Tacite
486 1915 571 1958 iterum
586 1912 676 1974 expulit
690 1915 842 1958 Burmannus.
858 1922 959 1974 aspectat
978 1931 1013 1976 pr.
1034 1917 1119 1966 Mores.

75 2009 107 2020 -
119 1984 172 2046 761.
189 1987 247 2028 inter
256 1982 331 2029 timim
344 1982 458 2030 Montalb.
473 1983 559 2028 Versus
571 1983 608 2028 hic
623 1983 653 2028 ad
667 1995 756 2039 cetera,
771 1999 822 2045 quae
832 1983 861 2027 de
877 1983 973 2028 deorum
984 2002 1011 2029 ex
1021 1986 1121 2050 Olympo

76 2067 201 2116 prospectu
215 2067 297 2117 agunt,
311 2071 359 2101 non
373 2055 434 2100 bene
449 2067 484 2101 est
498 2054 667 2100 accomodatus.
683 2080 712 2088 -
727 2054 779 2116 763.
793 2071 897 2118 eampum
908 2055 1007 2111 Medio,
1016 2072 1060 2103 nec
1069 2061 1122 2106 ine·

77 2124 193 2187 legantes:
208 2139 234 2171 ut
248 2129 292 2183 Vl,
310 2143 360 2188 ¹¹7·
376 2126 448 2184 Quem
460 2143 489 2170 m.
505 2125 610 2171 Parthas.
626 2125 671 2170 Ceu
685 2125 751 2170 Leid.
766 2142 801 2187 pr.
817 2126 898 2170 llamb.
913 2141 956 2188 pro
970 2127 1017 2173 div.
1033 2128 1086 2175 lect.
1097 2140 1121 2176 et

75 2197 144 2242 Goth.
159 2209 225 2251 tert,
240 2196 316 2242 lenius
329 2199 411 2259 utique
426 2195 511 2250 altero;
523 2211 567 2240 nec
581 2207 659 2240 tamen
673 2197 756 2241 verius.
773 2196 883 2258 Opposita
896 2208 950 2240 suut
960 2212 966 2240 z
977 2213 1045 2260 quam
1058 2215 1121 2264 map-

76 2283 119 2313 ttus
127 2271 288 2332 supereminet,
302 2277 343 2313 aut
351 2269 486 2332 inpreditur,
503 2265 553 2312 talis
566 2267 676 2329 (protam
687 2269 796 2330 magnus)
808 2282 832 2312 se
844 2267 955 2330 infert-
963 2267 1015 2330 764.
1026 2271 1088 2316 Dum
1095 2265 1120 2335 'p

76 2337 141 2382 leid.
154 2339 192 2384 Est
203 2338 249 2384 hoc
259 2337 305 2384 alio
315 2339 386 2383 modo
396 2355 408 2382 a
418 2337 499 2383 Oratio
508 2337 597 2383 dictum
608 2355 629 2383 v.
643 2337 672 2382 63
683 2337 792 2398 Gigantes
805 2335 840 2382 illi
853 2337 968 2402 opperthus
983 2348 1067 2386 tentare
1078 2358 1121 2388 su-

75 2406 149 2469 perth
158 2410 190 2452 im
195 2407 268 2469 frete.
277 2432 309 2442 -
318 2407 371 2469 765.
383 2421 476 2452 numero
485 2407 545 2451 Gud.
560 2408 620 2451 unda
630 2407 699 2452 Goth.
712 2424 758 2454 sec.
766 2434 797 2444 —
807 2407 859 2470 766.
873 2409 905 2452 At
913 2408 982 2454 simul
993 2410 1121 2472 irffrendens

75 2491 186 2522 annosum
197 2476 238 2521 Ed.
249 2493 284 2539 pr.
296 2501 328 2511 -
340 2477 392 2538 767.
403 2475 476 2534 solum
487 2492 531 2538 pro
540 2493 587 2522 var.
598 2475 653 2522 lect.
665 2494 701 2539 pr.
713 2479 793 2524 liamh.
805 2490 828 2526 et
837 2478 905 2524 Goth.
917 2491 968 2524 tert.
980 2481 1039 2526 Vide
1050 2482 1120 2529 modo

76 2563 98 2592 v.
111 2547 164 2608 763.
178 2549 236 2592 intra
250 2562 295 2592 sec.
308 2545 390 2592 ilanib.
402 2573 433 2581 —
446 2548 498 2609 769.
516 2546 583 2592 Hunc
601 2558 679 2593 eontra
695 2550 782 2594 Medic.
796 2562 820 2594 ct
831 2550 896 2596 Leid.
911 2562 933 2595 et
947 2549 1044 2596 Dorvill.
1060 2570 1072 2598 a
1089 2569 1120 2599 m.

76 2631 121 2662 sec.
130 2617 190 2662 Hinc
197 2618 258 2662 Ven.
270 2619 333 2662 Tunc
342 2619 417 2679 Sprot.
428 2621 514 2681 opmim
524 2633 603 2682 muqno
610 2635 646 2681 pr.
659 2619 739 2666 llamb.

77 2739 577 2812 proficiebatquicquam3neutraeuim
619 2743 1121 2814 supereminetundas,quumpedesin-

78 2820 189 2872 alteram
211 2820 349 2890 impellere
370 2831 485 2890 poterat.
508 2821 576 2871 Turn
621 2823 697 2872 cedit.
711 2823 782 2873 Nota
795 2835 833 2872 est
845 2822 1001 2892 prodigiosa
1012 2824 1120 2877 Orionis

2 2928 5 2939 ·
79 2898 177 2952 inflexit
200 2902 359 2964 orationem,
385 2917 434 2970 pro
457 2900 575 2971 vulgari:
621 2903 782 2971 proceritas,
804 2914 974 2971 etperrnare
991 2905 1119 2960 incessusr

78 2981 236 3032 miserantur
249 2981 317 3031 iram
332 2991 358 3030 et
370 2979 476 3031 labores
488 2991 578 3030 tantos
622 2979 675 3030 sid.
692 2979 849 3050 Apoll-odor.
863 2981 888 3043 l,
902 2979 932 3044 l,
945 2982 975 3045 3,
988 2981 1033 3031 ubi
1046 2986 1119 3037 conf.

80 3077 181 3110 eorum.
194 3087 229 3098 -
242 3059 302 3127 760.
315 3057 443 3109 Nominat
452 3061 521 3110 inter
533 3075 578 3109 ced
623 3059 685 3108 llot.
704 3059 773 3108 Nata
792 3056 886 3108 fabula
904 3075 919 3107 a
938 3057 1024 3109 sidere
1041 3058 1120 3130 hujus

79 3152 149 3190 seros
162 3136 228 3188 deos
245 3137 311 3188 dues
327 3135 405 3201 dees,
419 3137 515 3206 quibus
526 3155 578 3208 po·
622 3136 737 3186 nominis
748 3137 857 3208 ejusque
865 3135 1025 3186 ortuOrion
1033 3140 1122 3192 oriens

79 3218 207 3267 tissimum
215 3233 310 3287 pugnae
320 3218 404 3267 exitus
414 3215 489 3266 cordi
500 3229 576 3268 esset.
624 3215 661 3266 itt*
682 3213 786 3264 ’nutasti
808 3209 882 3267 midae
908 3211 991 3279 ἴσχει,
1015 3228 1044 3266 ut
1066 3237 1122 3272 rem

79 3293 160 3361 Quod
172 3312 235 3346 vero
248 3296 367 3365 sequitur
384 3293 418 3345 de
434 3295 527 3358 Furia,
543 3293 578 3346 ad
622 3295 779 3346 Theocritus
792 3295 871 3345 effert
883 3295 928 3344 vlt
938 3294 1012 3367 ldyll.
1025 3295 1066 3364 64.
1079 3299 1122 3352 Ad

78 3378 166 3446 ipsam
175 3377 259 3426 aciem
269 3387 381 3446 spectat.
395 3375 441 3425 Est
453 3377 524 3426 enirn
535 3391 580 3425 ve·
623 3372 776 3445 Polyphemi
785 3381 911 3425 staturam
923 3378 1043 3446 corporis
1051 3378 1122 3432 idem

79 3468 166 3506 terum
181 3469 321 3525 poetarum
333 3453 494 3526 phantasma
505 3454 557 3506 hoc
571 3473 583 3505 ε’
623 3451 796 3504 transtulerat
811 3451 887 3503 Maro
907 3471 965 3524 sup.
986 3455 1035 3519 lll,
1052 3458 1120 3526 664,

74 3534 149 3599 Ἔρις,
164 3529 249 3598 ’stum
266 3530 327 3602 trip,
345 3536 414 3585 iuter
428 3536 499 3585 acies
513 3553 581 3604 pugs
624 3531 685 3584 865.
699 3530 781 3581 Nerei
791 3541 881 3602 itaqua
892 3549 973 3603 supra
985 3533 1019 3584 ad
1031 3535 1077 3587 lib.
1091 3541 1122 3605 l,

80 3615 201 3666 nantium
213 3614 337 3666 volitans.
352 3617 388 3665 Ut
399 3631 482 3665 unum
494 3633 581 3666 exem·
626 3610 685 3664 126.
697 3637 733 3648 -
743 3610 802 3679 766.
813 3609 872 3678 767.
883 3611 939 3661 Aut
949 3611 1063 3682 (quum)
1080 3617 1123 3669 in.

80 3695 153 3766 mum
167 3711 325 3760 memorem,
338 3696 373 3746 ci.
387 3693 495 3746 Hesiod.
508 3692 579 3746 Seue
623 3690 748 3763 preditus.
763 3719 796 3728 -
808 3690 893 3741 Etiam
906 3693 1035 3744 Homerus
1047 3696 1124 3748 Orio·

83 3773 184 3843 ²43⁸q'·
626 3787 687 3822 nem
698 3781 851 3820 venatorem
866 3769 971 3842 exhibet
985 3775 1012 3823 in
1024 3775 1125 3848 Necyia

117 3851 176 3920 766.
196 3851 344 3904 Turbidusr
364 3851 438 3924 quod
454 3850 523 3903 alias·
536 3869 584 3902 sse·
626 3849 722 3920 Odyss.
744 3863 772 3912 λ,
794 3847 966 3920 57ι.-77ι.
989 3851 1058 3904 mole
1077 3873 1125 3906 sua
1226 3839 1228 3850 ⁴

83 3931 503 4003 siens,fsrenssingrediturtam
511 3949 584 4002 mag·
628 3937 680 3981 stat
689 3940 804 3978 scrutum
813 3946 916 4001 stupe,
929 3947 986 4000 quae
997 3949 1044 3981 suo
1057 3951 1125 4003 pon·

84 4026 147 4078 uus,
158 4026 241 4082 quam
253 4025 366 4083 moysius
382 4010 465 4064 Otium
477 4009 585 4062 humere
630 4008 694 4061 dere
705 4008 804 4064 libratu
818 4011 922 4064 firmum
938 4013 1017 4064 situm
1033 4013 1123 4066 habet.
