2724 4600
337 366 342 386 „
402 290 638 362 urntuos
660 295 815 390 muana
838 299 878 366 x.
1101 302 1157 368 tiit

122 419 164 486 Et
173 417 334 499 tunicam,
348 419 440 484 molli
452 436 556 485 mater
567 439 666 509 quam
678 438 813 486 neverat
823 443 920 502 auro;

124 525 334 615 Inplevitque
345 525 454 590 sinum
466 525 597 613 sanguis
609 548 615 587 :
630 541 700 590 tum
711 527 777 591 vita
788 549 849 614 per
859 549 954 592 auras

123 631 292 697 Concessit
302 645 415 696 maesta
426 630 468 695 ad
480 630 801 720 Manis,eorpusque
814 632 956 722 reliquit.
1118 646 1167 694 Β»

122 741 164 801 At
175 759 256 802 vero
268 753 305 806 ut
315 737 443 801 voltum
454 735 537 800 vidit
548 737 718 800 morientis
731 753 764 801 et
776 759 846 818 ora,

123 840 308 908 Oramodis
320 839 533 907 Anchisiades
546 842 700 930 pallentia
711 842 818 922 miris3
884 891 885 894 ,

123 947 290 1035 Ingemuit
300 947 459 1012 miserans
471 947 628 1035 graviter,
641 944 855 1037 dextramque
868 948 1025 1030 tetendit,

122 1053 165 1117 Et
175 1069 321 1118 mentem
333 1054 446 1142 patn'ae
458 1053 587 1118 strinxit
597 1053 727 1141 pietatis
739 1053 857 1142 imago.

127 1189 140 1218 a
153 1159 243 1242 Quid
254 1159 315 1224 tihi
327 1182 430 1240 nuno,
442 1158 627 1224 miserande
640 1182 737 1248 puer,
750 1184 811 1248 pro
824 1159 977 1227 laudibus
990 1162 1077 1243 istis,
1120 1177 1165 1226 δώ

125 1265 214 1350 Quid
226 1267 301 1354 pius
313 1270 430 1332 AEneas
441 1283 531 1332 tanta
543 1266 634 1331 dahit
645 1266 757 1332 indole
770 1267 925 1356 dignum?

124 1373 237 1451 Arma,
251 1370 371 1460 quihus
382 1372 524 1452 immine,
537 1370 622 1437 habe
635 1389 705 1454 tua3
718 1389 818 1462 teque
830 1390 1005 1463 parentum

155 1573 210 1622 818.
231 1577 318 1622 ammi
337 1577 402 1623 Rom.
420 1601 454 1614 -
472 1574 525 1638 819.
540 1578 603 1623 sium
621 1593 634 1623 a
649 1593 681 1623 m.
697 1595 733 1640 pr.
745 1577 832 1626 Medic.
846 1588 869 1624 et
880 1576 941 1624 Gud.
955 1593 1007 1624 cum
1024 1577 1075 1626 aliis
1088 1580 1167 1629 Heius.

126 1644 201 1703 (adde
217 1646 287 1693 Goth.
305 1649 487 1708 serectute),
506 1651 586 1712 sicque
605 1649 709 1695 Merroh.
729 1661 752 1696 et
770 1648 849 1696 Schol.
865 1649 973 1697 Juvenal.
994 1651 1057 1713 apud
1075 1652 1169 1712 fleins„

125 1727 196 1778 atque
209 1715 255 1764 hoc
265 1720 341 1780 ipsum
356 1720 465 1765 Heinsius
480 1718 591 1774 dederam
602 1719 681 1782 quod,
694 1719 728 1766 nil
743 1734 852 1774 monens,
866 1721 964 1766 mumvit
973 1721 1126 1768 Burmannus.
1138 1747 1171 1760 -

46 1787 50 1796 “
125 1783 179 1830 8²0.
193 1785 271 1844 Quum
279 1792 346 1834 cessit
355 1801 378 1836 et
389 1787 496 1853 relinquit
506 1790 587 1835 Fratre.
596 1801 619 1834 et
625 1788 723 1836 Dor-vill.
732 1789 842 1835 Discessit
847 1787 916 1834 Goth.
926 1803 971 1834 sec.
980 1812 1013 1824 -
1022 1787 1075 1835 821.
1085 1792 1170 1838 Iemus

126 1858 204 1904 foret:
226 1857 259 1904 Ut
272 1874 326 1906 vero
338 1859 431 1908 uoltum.
441 1885 472 1896 -
481 1859 534 1906 823.
547 1860 647 1922 φωνέων
659 1861 768 1904 misem
783 1873 836 1920 pars
853 1859 929 1913 Pien,
944 1869 993 1904 tum
1008 1859 1094 1906 Medic.
1111 1861 1171 1908 alter

124 1927 222 1974 Mentel.
233 1941 257 1976 et
268 1931 328 1976 Ven.
340 1947 393 1977 cum
406 1929 476 1976 Goth.
487 1940 540 1975 tert.
555 1929 664 1974 Burman.
674 1940 741 1974 notat
752 1944 780 1974 ex
791 1945 813 1974 v.
826 1926 872 1989 789
882 1937 974 1988 patere,
985 1930 1083 1990 quviter
1093 1929 1123 1974 ad
1134 1932 1172 1974 iu·

122 2000 209 2062 qemuit
220 1998 378 2046 referendum.
387 2025 418 2038 -
428 1999 481 2056 ert.
494 1998 626 2046 mittente
638 1999 731 2054 Heius,
743 2000 785 2061 qui
797 2013 825 2043 ex
836 1995 912 2042 Colot.
925 1996 1011 2042 Medic.
1028 2008 1051 2043 et
1067 2009 1170 2062 utroque

123 2068 233 2116 liottend.
244 2073 348 2132 reposuit
356 2073 460 2126 sturmii,
469 2072 511 2116 etsi
522 2085 592 2132 supra
603 2069 646 2125 tx,
657 2067 703 2129 ²94
719 2068 782 2114 idem
793 2066 966 2113 hemistichium
983 2081 1036 2112 oum
1047 2069 1097 2130 ipsa
1109 2084 1168 2116 voce

124 2141 463 2203 sirnuitpraecesserauiufquo
471 2140 516 2186 sihi
522 2155 605 2203 parum
611 2150 717 2186 constare
724 2138 817 2186 videtur
821 2171 831 2193 ,
837 2153 910 2200 quum
917 2139 1006 2184 variare
1015 2136 1070 2184 talia
1076 2151 1171 2200 poetam

125 2207 182 2254 ah'hi
194 2209 356 2267 contendet-iu
366 2227 409 2273 per
424 2226 449 2258 se
465 2222 591 2273 utrumque
605 2210 694 2256 houm
711 2220 752 2256 est.
767 2211 857 2274 smitqit
866 2220 919 2254 tert.
933 2207 1017 2255 Moret.
1033 2207 1093 2254 trehit
1102 2209 1169 2256 Rom.

124 2277 218 2326 iemiliae
227 2279 324 2338 ductor,
336 2283 362 2328 iu
373 2297 418 2344 qua
431 2283 500 2328 etiam
511 2280 581 2326 Goth.
594 2295 640 2326 see.
653 2292 677 2326 et
688 2292 741 2327 tert.
756 2291 817 2326 mut.
826 2303 858 2316 -
867 2278 920 2340 827.
933 2286 1051 2341 petentum
1065 2279 1170 2326 scribunt

125 2347 176 2394 bini
189 2349 259 2396 Goth.
270 2362 294 2396 et
304 2350 383 2412 plures
395 2364 454 2414 puto
465 2350 535 2399 codd,
549 2359 612 2415 teque
626 2359 751 2414 peremtum
767 2351 840 2406 Ven„
856 2349 921 2412 quod
939 2347 1021 2405 alicui,
1040 2351 1082 2413 qui
1099 2365 1171 2396 novas

125 2417 240 2468 lectiones
249 2435 390 2486 aucupatur,
399 2423 498 2486 probare
508 2438 533 2470 se
545 2434 635 2486 potest:
648 2431 669 2470 te
676 2431 800 2486 peremtum
812 2424 900 2468 remitto
909 2423 955 2480 (se.
965 2420 996 2466 ed
1006 2421 1172 2484 sepulturam),

126 2493 201 2554 siqua
209 2506 237 2537 ea
247 2508 304 2538 cura
312 2501 347 2538 est
355 2493 463 2539 Manibus
473 2496 586 2548 etct'uen‘,
600 2493 625 2539 h.
639 2495 659 2538 si
670 2493 741 2540 modo
752 2494 833 2538 Manes
845 2504 868 2537 et
880 2492 938 2537 cinis
949 2489 995 2539 tale
1007 2491 1065 2554 quid
1076 2504 1172 2538 curant:

128 2579 160 2610 sc.
175 2564 242 2627 quod
255 2576 278 2611 te
292 2567 399 2612 remitto:
412 2565 477 2628 quod
490 2566 599 2628 jejunum
610 2577 663 2612 est:
682 2581 726 2612 nee
744 2566 831 2612 remitti
844 2579 929 2625 eorpus
944 2565 998 2609 satit
1013 2575 1075 2619 erat,
1093 2580 1174 2610 verum

128 2632 278 2697 sepeliendm
288 2636 362 2691 mitti;
372 2637 519 2684 reseravero
530 2638 596 2684 notin
607 2653 621 2682 a
630 2638 719 2684 recenti
728 2635 791 2682 rade
804 2646 853 2681 erat
862 2631 945 2681 aliena.
956 2633 1006 2678 Eoo
1017 2633 1080 2680 idem
1089 2633 1175 2680 adver-

132 2812 187 2881 ejus
202 2829 239 2864 so.
257 2813 344 2867 Lausi.
357 2844 393 2854 -
407 2814 466 2867 818.
480 2815 583 2869 Decens
599 2819 627 2868 in
670 2811 877 2888 posset—824.
887 2809 982 2881 patria
988 2805 1094 2878 pietatis
1104 2807 1170 2858 ima-

19 2891 27 2912 '
129 2889 240 2943 Etrusco
252 2893 350 2961 juvene
361 2896 441 2945 restis
459 2911 524 2946 auro
539 2907 627 2957 texta3
669 2913 720 2967 90,
733 2893 831 2946 amoris
840 2891 882 2942 sui
894 2887 1072 2940 inAseenium
1082 2904 1171 2939 recor-

129 2970 201 3041 quod
213 2973 363 3024 vestimenti
375 2990 458 3044 genus
475 2974 628 3043 frequente·
672 2974 762 3027 datio:
777 2987 803 3026 et
815 2989 894 3043 quem
911 2971 967 3039 ipse
982 2965 1101 3017 dolorem
1114 2984 1173 3017 sus-

129 3051 315 3103 tumEtrusois
324 3051 406 3105 fuisse
416 3064 529 3120 constat
541 3052 629 3103 Orna-
673 3066 798 3124 neptunus
821 3053 855 3102 sit
877 3050 904 3100 iu
928 3044 1008 3096 simili
1032 3061 1105 3096 casu.
1129 3044 1172 3098 Sio

128 3131 166 3180 vit
178 3129 255 3182 Maro
274 3131 417 3184 Homerios
431 3131 507 3183 iliad.
519 3152 548 3196 ν,
566 3131 626 3200 470.
672 3128 901 3206 interpretandum
912 3126 1035 3177 arbitror.
1050 3123 1102 3189 Ea,
1113 3143 1171 3195 quae

130 3237 163 3248 -—
171 3209 231 3280 819.
241 3210 302 3264 820.
311 3229 362 3282 per
371 3229 464 3275 auras,
476 3211 512 3261 ad
521 3211 627 3276 Manes,
673 3209 840 3262 recordemur
846 3245 858 3272 „
868 3216 954 3276 poetae
966 3221 1015 3276 per
1028 3202 1172 3276 imoqt‘ttem

129 3302 189 3340 sunt
198 3290 439 3342 Homerieadliad.
447 3309 478 3354 π,
488 3289 549 3343 856.
561 3289 627 3359 8573
673 3290 769 3343 efferre
789 3287 852 3339 lieet
873 3285 960 3338 animo
985 3282 1125 3352 objectam.
1144 3303 1171 3336 v.

130 3367 194 3420 nihil
206 3369 336 3440 amplius,
346 3387 396 3421 nec
406 3371 433 3420 in
444 3368 486 3420 hie
497 3369 627 3440 oppositis
673 3388 732 3441 sup.
744 3368 780 3421 ad
788 3367 840 3432 IX,
854 3361 1173 3436 294.-825.pro-1audt'·

131 3447 317 3520 argutandum.
348 3447 411 3502 Vita
438 3465 489 3521 pro
518 3449 627 3512 anime,
674 3450 719 3502 hus
731 3447 865 3512 istis,ista
877 3446 991 3507 virtute,
1008 3454 1038 3493 ut
1050 3443 1106 3511 jam
1126 3442 1174 3494 ali·

131 3524 205 3593 4⁰7(ss
674 3529 779 3600 quoties
786 3523 957 3588 vidimus,¹tit
965 3517 1023 3571 πιλία
1031 3532 1057 3572 et
1065 3517 1091 3572 ‘rt'
1101 3515 1172 3577 etiae.

165 3608 214 3660 821
229 3625 285 3678 seq.
298 3606 341 3658 Ad
352 3609 549 3661 miserationem
559 3626 631 3679 egre·
674 3608 702 3661 h.
713 3607 730 3658 l.
741 3608 842 3670 virtus,
856 3621 925 3674 qua,
937 3612 966 3652 ut
975 3612 1078 3671 patrem
1088 3618 1175 3654 serva·

132 3676 260 3760 gie'faeit
282 3688 342 3758 ipsa
364 3688 452 3739 AEneae
477 3677 631 3753 miseratio,
676 3699 732 3751 ret,
745 3688 801 3758 ipse
818 3685 878 3735 vite
898 3680 1043 3733 discrimen.
1054 3677 1175 3731 adiit.-

130 3765 194 3819 dum
205 3763 293 3818 tendit
303 3783 389 3835 puero
402 3783 511 3831 manus,
524 3777 550 3817 et
561 3777 633 3818 terra
677 3768 737 3835 827.
751 3770 834 3816 Arma
846 3760 911 3813 hehe
923 3769 978 3810 tua.
995 3759 1108 3829 Magnus
1125 3759 1176 3808 sci·

133 3863 192 3898 eom
213 3844 335 3896 sublevat
357 3845 427 3908 831,
448 3857 475 3897 et
496 3856 632 3915 respectus
676 3845 738 3898 licet
753 3842 840 3895 honos
852 3842 879 3892 in
891 3839 938 3891 illo
950 3855 1005 3889 sevo
1017 3835 1139 3900 habitus,
1152 3837 1178 3886 si

132 3925 253 3989 Ascanii,
270 3936 296 3977 et
308 3925 336 3977 in
348 3924 456 3976 alterius
466 3924 576 3975 fortuna
587 3940 632 3976 eo·
676 3926 776 3976 victum
795 3923 880 3974 vietor
903 3936 958 3971 nou
980 3915 1115 3988 spoliaret.
1138 3915 1173 3964 cf.

134 4005 224 4074 gitatio
237 4003 271 4056 de
285 4021 366 4072 casu,
383 4005 430 4075 qui
445 4003 497 4097 sihi
513 4001 642 4087 accidere¹
676 4000 752 4058 Iliad.
773 3995 800 4071 ξ,
820 4000 880 4070 417.
891 4027 925 4039 -
938 3998 998 4067 827.
1016 3993 1076 4047 828.
1096 4003 1122 4046 te
1136 4009 1176 4046 re-
