<?xml version="1.0" encoding="UTF-8"?>
<!DOCTYPE html PUBLIC "-//W3C//DTD XHTML 1.0 Transitional//EN"
    "http://www.w3.org/TR/xhtml1/DTD/xhtml1-transitional.dtd">
<html xmlns="http://www.w3.org/1999/xhtml" xml:lang="en" lang="en">
 <head>
  <title>
</title>
<meta http-equiv="Content-Type" content="text/html;charset=utf-8" />
  <meta name='ocr-system' content='tesseract 3.04.00' />
  <meta name='ocr-capabilities' content='ocr_page ocr_carea ocr_par ocr_line ocrx_word'/>
</head>
<body>
  <div class='ocr_page' id='page_1' title='image "./pvirgiliusmaroq03barbgoog_0336.png"; bbox 0 0 2718 4594; ppageno 0'>
   <div class='ocr_carea' id='block_1_1' title="bbox 239 299 1030 385">
    <p class='ocr_par' dir='ltr' id='par_1_1' title="bbox 239 299 1030 385">
     <span class='ocr_line' id='line_1_1' title="bbox 239 299 1030 385; baseline -0.005 -15"><span class='ocrx_word' id='word_1_1' title='bbox 239 305 301 385; x_wconf 72' lang='lat'>324</span> <span class='ocrx_word' id='word_1_2' title='bbox 485 303 519 366; x_wconf 83' lang='lat' dir='ltr'>r.</span> <span class='ocrx_word' id='word_1_3' title='bbox 545 299 776 365; x_wconf 76' lang='lat' dir='ltr'>vincturi</span> <span class='ocrx_word' id='word_1_4' title='bbox 800 299 1030 367; x_wconf 73' lang='lat' dir='ltr'>Minonis</span> 
     </span>
    </p>
   </div>
   <div class='ocr_carea' id='block_1_2' title="bbox 200 422 1282 1784">
    <p class='ocr_par' dir='ltr' id='par_1_2' title="bbox 200 422 1282 1784">
     <span class='ocr_line' id='line_1_2' title="bbox 240 422 1089 513; baseline -0.001 -25"><span class='ocrx_word' id='word_1_5' title='bbox 240 459 252 488; x_wconf 76' lang='lat' dir='ltr'>a</span> <span class='ocrx_word' id='word_1_6' title='bbox 266 431 338 494; x_wconf 89' lang='lat' dir='ltr'>Hoc</span> <span class='ocrx_word' id='word_1_7' title='bbox 350 442 432 507; x_wconf 88' lang='lat' dir='ltr'>erat,</span> <span class='ocrx_word' id='word_1_8' title='bbox 445 423 510 491; x_wconf 89' lang='lat' dir='ltr'>hoc</span> <span class='ocrx_word' id='word_1_9' title='bbox 523 423 621 505; x_wconf 78' lang='lat' dir='ltr'>rotie,</span> <span class='ocrx_word' id='word_1_10' title='bbox 634 423 757 513; x_wconf 91' lang='lat' dir='ltr'>inquit,</span> <span class='ocrx_word' id='word_1_11' title='bbox 770 422 862 512; x_wconf 92' lang='lat' dir='ltr'>quod</span> <span class='ocrx_word' id='word_1_12' title='bbox 874 445 960 513; x_wconf 85' lang='lat' dir='ltr'>saepe</span> <span class='ocrx_word' id='word_1_13' title='bbox 973 426 1089 513; x_wconf 82' lang='lat' dir='ltr'>petivi3</span> 
     </span>
     <span class='ocr_line' id='line_1_3' title="bbox 235 528 1282 623; baseline -0.009 -25"><span class='ocrx_word' id='word_1_14' title='bbox 235 533 389 623; x_wconf 81' lang='lat' dir='ltr'>Adcipio,</span> <span class='ocrx_word' id='word_1_15' title='bbox 403 529 637 620; x_wconf 77' lang='lat' dir='ltr'><strong>adgnoscoque</strong></span> <span class='ocrx_word' id='word_1_16' title='bbox 649 528 745 611; x_wconf 81' lang='lat' dir='ltr'>deos;</span> <span class='ocrx_word' id='word_1_17' title='bbox 758 553 826 610; x_wconf 92' lang='lat' dir='ltr'>me,</span> <span class='ocrx_word' id='word_1_18' title='bbox 839 553 893 593; x_wconf 90' lang='lat' dir='ltr'>me</span> <span class='ocrx_word' id='word_1_19' title='bbox 906 529 991 595; x_wconf 89' lang='lat' dir='ltr'>duce</span> <span class='ocrx_word' id='word_1_20' title='bbox 1003 531 1131 597; x_wconf 84' lang='lat' dir='ltr'>ferrum</span> <span class='ocrx_word' id='word_1_21' title='bbox 1238 545 1282 590; x_wconf 77' lang='lat'>26·</span> 
     </span>
     <span class='ocr_line' id='line_1_4' title="bbox 236 635 1104 728; baseline -0.005 -22"><span class='ocrx_word' id='word_1_22' title='bbox 236 640 421 728; x_wconf 88' lang='lat' dir='ltr'>Conripite,</span> <span class='ocrx_word' id='word_1_23' title='bbox 435 660 455 702; x_wconf 94' lang='lat' dir='ltr'>o</span> <span class='ocrx_word' id='word_1_24' title='bbox 467 637 593 717; x_wconf 84' lang='lat' dir='ltr'>miseri,</span> <span class='ocrx_word' id='word_1_25' title='bbox 607 658 691 726; x_wconf 92' lang='lat' dir='ltr'>quos</span> <span class='ocrx_word' id='word_1_26' title='bbox 703 635 863 724; x_wconf 85' lang='lat' dir='ltr'>inprobus</span> <span class='ocrx_word' id='word_1_27' title='bbox 876 635 1004 702; x_wconf 83' lang='lat' dir='ltr'>advena</span> <span class='ocrx_word' id='word_1_28' title='bbox 1014 635 1104 702; x_wconf 89' lang='lat' dir='ltr'>bello</span> 
     </span>
     <span class='ocr_line' id='line_1_5' title="bbox 200 741 981 826; baseline -0.006 -15"><span class='ocrx_word' id='word_1_29' title='bbox 200 763 204 780; x_wconf 71' lang='lat'>²</span> <span class='ocrx_word' id='word_1_30' title='bbox 236 747 393 826; x_wconf 64' lang='lat' dir='ltr'>Territa,</span> <span class='ocrx_word' id='word_1_31' title='bbox 406 741 565 808; x_wconf 83' lang='lat' dir='ltr'>invalidas</span> <span class='ocrx_word' id='word_1_32' title='bbox 577 757 615 807; x_wconf 92' lang='lat' dir='ltr'>ut</span> <span class='ocrx_word' id='word_1_33' title='bbox 626 742 710 826; x_wconf 83' lang='lat' dir='ltr'>avis;</span> <span class='ocrx_word' id='word_1_34' title='bbox 724 759 756 806; x_wconf 90' lang='lat' dir='ltr'>et</span> <span class='ocrx_word' id='word_1_35' title='bbox 767 741 862 806; x_wconf 90' lang='lat' dir='ltr'>litora</span> <span class='ocrx_word' id='word_1_36' title='bbox 873 759 981 807; x_wconf 84' lang='lat' dir='ltr'>vestra</span> 
     </span>
     <span class='ocr_line' id='line_1_6' title="bbox 236 835 1152 940; baseline -0.001 -25"><span class='ocrx_word' id='word_1_37' title='bbox 236 852 279 915; x_wconf 85' lang='lat' dir='ltr'>vi</span> <span class='ocrx_word' id='word_1_38' title='bbox 292 850 446 940; x_wconf 81' lang='lat' dir='ltr'>populat3</span> <span class='ocrx_word' id='word_1_39' title='bbox 459 864 550 938; x_wconf 87' lang='lat' dir='ltr'>petet</span> <span class='ocrx_word' id='word_1_40' title='bbox 562 849 617 912; x_wconf 89' lang='lat' dir='ltr'>ille</span> <span class='ocrx_word' id='word_1_41' title='bbox 630 835 756 936; x_wconf 73' lang='lat' dir='ltr'>lugam,</span> <span class='ocrx_word' id='word_1_42' title='bbox 770 849 969 938; x_wconf 87' lang='lat' dir='ltr'>penitusque</span> <span class='ocrx_word' id='word_1_43' title='bbox 981 847 1152 938; x_wconf 85' lang='lat' dir='ltr'>profundo</span> 
     </span>
     <span class='ocr_line' id='line_1_7' title="bbox 235 951 995 1034; baseline 0.001 -15"><span class='ocrx_word' id='word_1_44' title='bbox 235 958 318 1022; x_wconf 82' lang='lat' dir='ltr'>Vela</span> <span class='ocrx_word' id='word_1_45' title='bbox 331 955 440 1021; x_wconf 87' lang='lat' dir='ltr'>dabit:</span> <span class='ocrx_word' id='word_1_46' title='bbox 453 976 512 1020; x_wconf 86' lang='lat' dir='ltr'>vos</span> <span class='ocrx_word' id='word_1_47' title='bbox 524 955 672 1018; x_wconf 91' lang='lat' dir='ltr'>unanimi</span> <span class='ocrx_word' id='word_1_48' title='bbox 686 951 821 1019; x_wconf 76' lang='lat' dir='ltr'>densete</span> <span class='ocrx_word' id='word_1_49' title='bbox 833 972 995 1034; x_wconf 87' lang='lat' dir='ltr'>catervas,</span> 
     </span>
     <span class='ocr_line' id='line_1_8' title="bbox 236 1057 992 1152; baseline -0.012 -24"><span class='ocrx_word' id='word_1_50' title='bbox 236 1063 278 1128; x_wconf 87' lang='lat' dir='ltr'>Et</span> <span class='ocrx_word' id='word_1_51' title='bbox 290 1085 402 1152; x_wconf 72' lang='lat' dir='ltr'>regern</span> <span class='ocrx_word' id='word_1_52' title='bbox 413 1061 507 1126; x_wconf 90' lang='lat' dir='ltr'>vobis</span> <span class='ocrx_word' id='word_1_53' title='bbox 519 1084 630 1148; x_wconf 74' lang='lat' dir='ltr'>pugna</span> <span class='ocrx_word' id='word_1_54' title='bbox 643 1057 812 1125; x_wconf 83' lang='lat' dir='ltr'>defendite</span> <span class='ocrx_word' id='word_1_55' title='bbox 824 1077 965 1149; x_wconf 88' lang='lat' dir='ltr'>raptum.</span> <span class='ocrx_word' id='word_1_56' title='bbox 979 1087 992 1119; x_wconf 64' lang='lat' dir='ltr'>a</span> 
     </span>
     <span class='ocr_line' id='line_1_9' title="bbox 236 1165 1004 1248; baseline -0.004 -15"><span class='ocrx_word' id='word_1_57' title='bbox 236 1168 340 1248; x_wconf 81' lang='lat' dir='ltr'>Dixit,</span> <span class='ocrx_word' id='word_1_58' title='bbox 354 1184 386 1232; x_wconf 88' lang='lat' dir='ltr'>et</span> <span class='ocrx_word' id='word_1_59' title='bbox 398 1165 554 1232; x_wconf 88' lang='lat' dir='ltr'>adversos</span> <span class='ocrx_word' id='word_1_60' title='bbox 566 1166 670 1230; x_wconf 89' lang='lat' dir='ltr'>telum</span> <span class='ocrx_word' id='word_1_61' title='bbox 682 1167 843 1231; x_wconf 85' lang='lat' dir='ltr'>contorsit</span> <span class='ocrx_word' id='word_1_62' title='bbox 854 1165 888 1229; x_wconf 93' lang='lat' dir='ltr'>in</span> <span class='ocrx_word' id='word_1_63' title='bbox 900 1165 1004 1230; x_wconf 81' lang='lat' dir='ltr'>hostio</span> 
     </span>
     <span class='ocr_line' id='line_1_10' title="bbox 236 1270 1129 1353; baseline -0.004 -15"><span class='ocrx_word' id='word_1_64' title='bbox 236 1277 452 1353; x_wconf 88' lang='lat' dir='ltr'>Procurrens;</span> <span class='ocrx_word' id='word_1_65' title='bbox 465 1272 610 1336; x_wconf 81' lang='lat' dir='ltr'>sonitum</span> <span class='ocrx_word' id='word_1_66' title='bbox 622 1270 679 1336; x_wconf 90' lang='lat' dir='ltr'>dat</span> <span class='ocrx_word' id='word_1_67' title='bbox 691 1270 827 1336; x_wconf 85' lang='lat' dir='ltr'>stridula</span> <span class='ocrx_word' id='word_1_68' title='bbox 840 1293 974 1350; x_wconf 86' lang='lat' dir='ltr'>cornus,</span> <span class='ocrx_word' id='word_1_69' title='bbox 989 1287 1022 1335; x_wconf 89' lang='lat' dir='ltr'>et</span> <span class='ocrx_word' id='word_1_70' title='bbox 1033 1293 1129 1335; x_wconf 89' lang='lat' dir='ltr'>auras</span> 
     </span>
     <span class='ocr_line' id='line_1_11' title="bbox 237 1375 1220 1463; baseline -0.006 -18"><span class='ocrx_word' id='word_1_71' title='bbox 237 1382 334 1446; x_wconf 87' lang='lat' dir='ltr'>Certa</span> <span class='ocrx_word' id='word_1_72' title='bbox 346 1393 452 1442; x_wconf 87' lang='lat' dir='ltr'>secat:</span> <span class='ocrx_word' id='word_1_73' title='bbox 466 1377 564 1442; x_wconf 89' lang='lat' dir='ltr'>simul</span> <span class='ocrx_word' id='word_1_74' title='bbox 575 1375 654 1456; x_wconf 91' lang='lat' dir='ltr'>hoc,</span> <span class='ocrx_word' id='word_1_75' title='bbox 668 1375 766 1441; x_wconf 87' lang='lat' dir='ltr'>simul</span> <span class='ocrx_word' id='word_1_76' title='bbox 777 1377 893 1463; x_wconf 78' lang='lat' dir='ltr'>ingens</span> <span class='ocrx_word' id='word_1_77' title='bbox 905 1376 1042 1455; x_wconf 86' lang='lat' dir='ltr'>clamor,</span> <span class='ocrx_word' id='word_1_78' title='bbox 1056 1391 1090 1439; x_wconf 89' lang='lat' dir='ltr'>et</span> <span class='ocrx_word' id='word_1_79' title='bbox 1102 1395 1220 1441; x_wconf 85' lang='lat' dir='ltr'>omnes</span> 
     </span>
     <span class='ocr_line' id='line_1_12' title="bbox 237 1479 1016 1568; baseline -0.008 -18"><span class='ocrx_word' id='word_1_80' title='bbox 237 1483 377 1550; x_wconf 83' lang='lat' dir='ltr'>Turbati</span> <span class='ocrx_word' id='word_1_81' title='bbox 389 1483 501 1560; x_wconf 87' lang='lat' dir='ltr'>cunei,</span> <span class='ocrx_word' id='word_1_82' title='bbox 514 1481 737 1568; x_wconf 82' lang='lat' dir='ltr'>calefactaque</span> <span class='ocrx_word' id='word_1_83' title='bbox 750 1479 850 1546; x_wconf 87' lang='lat' dir='ltr'>corda</span> <span class='ocrx_word' id='word_1_84' title='bbox 861 1480 1016 1545; x_wconf 88' lang='lat' dir='ltr'>tumultu.</span> 
     </span>
     <span class='ocr_line' id='line_1_13' title="bbox 239 1585 1280 1673; baseline -0.009 -19"><span class='ocrx_word' id='word_1_85' title='bbox 239 1592 341 1654; x_wconf 86' lang='lat' dir='ltr'>Hasta</span> <span class='ocrx_word' id='word_1_86' title='bbox 351 1587 480 1664; x_wconf 85' lang='lat' dir='ltr'>volans,</span> <span class='ocrx_word' id='word_1_87' title='bbox 494 1601 532 1650; x_wconf 93' lang='lat' dir='ltr'>ut</span> <span class='ocrx_word' id='word_1_88' title='bbox 543 1586 629 1650; x_wconf 83' lang='lat' dir='ltr'>forte</span> <span class='ocrx_word' id='word_1_89' title='bbox 642 1609 762 1650; x_wconf 88' lang='lat' dir='ltr'>novem</span> <span class='ocrx_word' id='word_1_90' title='bbox 774 1585 995 1673; x_wconf 83' lang='lat' dir='ltr'>pulcherrima</span> <span class='ocrx_word' id='word_1_91' title='bbox 1007 1587 1148 1651; x_wconf 87' lang='lat' dir='ltr'>fratrum</span> <span class='ocrx_word' id='word_1_92' title='bbox 1240 1614 1280 1662; x_wconf 75' lang='lat'>270</span> 
     </span>
     <span class='ocr_line' id='line_1_14' title="bbox 238 1690 1065 1784; baseline -0.006 -23"><span class='ocrx_word' id='word_1_93' title='bbox 238 1697 385 1784; x_wconf 82' lang='lat' dir='ltr'>Corpora</span> <span class='ocrx_word' id='word_1_94' title='bbox 397 1692 611 1758; x_wconf 86' lang='lat' dir='ltr'>constiterant</span> <span class='ocrx_word' id='word_1_95' title='bbox 623 1707 751 1772; x_wconf 87' lang='lat' dir='ltr'>contra,</span> <span class='ocrx_word' id='word_1_96' title='bbox 765 1713 850 1782; x_wconf 87' lang='lat' dir='ltr'>quos</span> <span class='ocrx_word' id='word_1_97' title='bbox 862 1690 928 1756; x_wconf 87' lang='lat' dir='ltr'>fida</span> <span class='ocrx_word' id='word_1_98' title='bbox 940 1708 1065 1756; x_wconf 73' lang='lat' dir='ltr'>crearat</span> 
     </span>
    </p>
   </div>
   <div class='ocr_carea' id='block_1_3' title="bbox 169 1857 1334 2984">
    <p class='ocr_par' dir='ltr' id='par_1_3' title="bbox 238 1857 1334 2925">
     <span class='ocr_line' id='line_1_15' title="bbox 272 1857 1279 1924; baseline -0.007 -15"><span class='ocrx_word' id='word_1_99' title='bbox 272 1861 324 1923; x_wconf 76' lang='lat'>²59.</span> <span class='ocrx_word' id='word_1_100' title='bbox 337 1861 387 1907; x_wconf 83' lang='lat' dir='ltr'>Hoc</span> <span class='ocrx_word' id='word_1_101' title='bbox 396 1863 537 1907; x_wconf 71' lang='lat' dir='ltr'>emtorvou‘s</span> <span class='ocrx_word' id='word_1_102' title='bbox 544 1859 642 1906; x_wconf 80' lang='lat' dir='ltr'>Oudart.</span> <span class='ocrx_word' id='word_1_103' title='bbox 653 1871 677 1907; x_wconf 85' lang='lat' dir='ltr'>et</span> <span class='ocrx_word' id='word_1_104' title='bbox 685 1859 774 1906; x_wconf 87' lang='lat' dir='ltr'>Zulich.</span> <span class='ocrx_word' id='word_1_105' title='bbox 783 1877 795 1906; x_wconf 83' lang='lat' dir='ltr'>a</span> <span class='ocrx_word' id='word_1_106' title='bbox 804 1877 836 1906; x_wconf 86' lang='lat' dir='ltr'>m.</span> <span class='ocrx_word' id='word_1_107' title='bbox 845 1877 881 1924; x_wconf 89' lang='lat' dir='ltr'>pr.</span> <span class='ocrx_word' id='word_1_108' title='bbox 890 1885 922 1896; x_wconf 92' lang='lat'>-</span> <span class='ocrx_word' id='word_1_109' title='bbox 930 1860 982 1906; x_wconf 73' lang='lat'>²60.</span> <span class='ocrx_word' id='word_1_110' title='bbox 992 1859 1145 1906; x_wconf 76' lang='lat' dir='ltr'>simmeduoe</span> <span class='ocrx_word' id='word_1_111' title='bbox 1152 1857 1224 1906; x_wconf 81' lang='lat' dir='ltr'>Goth.</span> <span class='ocrx_word' id='word_1_112' title='bbox 1232 1871 1279 1905; x_wconf 88' lang='lat' dir='ltr'>tert.</span> 
     </span>
     <span class='ocr_line' id='line_1_16' title="bbox 238 1929 1281 1995; baseline -0.004 -15"><span class='ocrx_word' id='word_1_113' title='bbox 238 1959 271 1974; x_wconf 88' lang='lat'>·-</span> <span class='ocrx_word' id='word_1_114' title='bbox 278 1933 331 1980; x_wconf 75' lang='lat'>261.</span> <span class='ocrx_word' id='word_1_115' title='bbox 342 1950 356 1979; x_wconf 91' lang='lat' dir='ltr'>o</span> <span class='ocrx_word' id='word_1_116' title='bbox 364 1931 444 1978; x_wconf 80' lang='lat' dir='ltr'>Rutuli</span> <span class='ocrx_word' id='word_1_117' title='bbox 450 1929 504 1979; x_wconf 88' lang='lat' dir='ltr'>edd.</span> <span class='ocrx_word' id='word_1_118' title='bbox 514 1944 570 1980; x_wconf 80' lang='lat' dir='ltr'>vett.</span> <span class='ocrx_word' id='word_1_119' title='bbox 582 1943 605 1978; x_wconf 88' lang='lat' dir='ltr'>et</span> <span class='ocrx_word' id='word_1_120' title='bbox 614 1931 705 1994; x_wconf 66' lang='lat' dir='ltr'>vulqg„</span> <span class='ocrx_word' id='word_1_121' title='bbox 716 1934 785 1978; x_wconf 85' lang='lat' dir='ltr'>etiam</span> <span class='ocrx_word' id='word_1_122' title='bbox 792 1931 862 1978; x_wconf 82' lang='lat' dir='ltr'>codd.</span> <span class='ocrx_word' id='word_1_123' title='bbox 870 1931 977 1995; x_wconf 81' lang='lat' dir='ltr'>plerique</span> <span class='ocrx_word' id='word_1_124' title='bbox 985 1934 1030 1986; x_wconf 77' lang='lat' dir='ltr'>rie,</span> <span class='ocrx_word' id='word_1_125' title='bbox 1040 1931 1077 1978; x_wconf 82' lang='lat' dir='ltr'>vel</span> <span class='ocrx_word' id='word_1_126' title='bbox 1086 1947 1101 1978; x_wconf 92' lang='lat' dir='ltr'>o</span> <span class='ocrx_word' id='word_1_127' title='bbox 1108 1930 1188 1976; x_wconf 79' lang='lat' dir='ltr'>uuuu.</span> <span class='ocrx_word' id='word_1_128' title='bbox 1199 1932 1281 1976; x_wconf 87' lang='lat' dir='ltr'>Verum</span> 
     </span>
     <span class='ocr_line' id='line_1_17' title="bbox 239 1998 1280 2066; baseline -0.009 -13"><span class='ocrx_word' id='word_1_129' title='bbox 239 2023 254 2053; x_wconf 92' lang='lat' dir='ltr'>o</span> <span class='ocrx_word' id='word_1_130' title='bbox 264 2007 341 2051; x_wconf 82' lang='lat' dir='ltr'>miseri</span> <span class='ocrx_word' id='word_1_131' title='bbox 348 2005 452 2066; x_wconf 72' lang='lat' dir='ltr'>reposuit</span> <span class='ocrx_word' id='word_1_132' title='bbox 461 2003 540 2050; x_wconf 79' lang='lat' dir='ltr'>ileine.</span> <span class='ocrx_word' id='word_1_133' title='bbox 552 2019 580 2049; x_wconf 86' lang='lat' dir='ltr'>ex</span> <span class='ocrx_word' id='word_1_134' title='bbox 589 2004 726 2048; x_wconf 80' lang='lat' dir='ltr'>auctoritate</span> <span class='ocrx_word' id='word_1_135' title='bbox 736 2003 846 2058; x_wconf 82' lang='lat' dir='ltr'>Romani,</span> <span class='ocrx_word' id='word_1_136' title='bbox 854 2002 940 2048; x_wconf 85' lang='lat' dir='ltr'>Medic.</span> <span class='ocrx_word' id='word_1_137' title='bbox 951 2012 974 2046; x_wconf 88' lang='lat' dir='ltr'>et</span> <span class='ocrx_word' id='word_1_138' title='bbox 986 1998 1097 2056; x_wconf 81' lang='lat' dir='ltr'>aliorum,</span> <span class='ocrx_word' id='word_1_139' title='bbox 1110 2002 1181 2046; x_wconf 84' lang='lat' dir='ltr'>etiam</span> <span class='ocrx_word' id='word_1_140' title='bbox 1192 2001 1280 2046; x_wconf 78' lang='lat' dir='ltr'>Donati</span> 
     </span>
     <span class='ocr_line' id='line_1_18' title="bbox 238 2069 1281 2136; baseline -0.009 -14"><span class='ocrx_word' id='word_1_141' title='bbox 238 2093 254 2122; x_wconf 92' lang='lat' dir='ltr'>o</span> <span class='ocrx_word' id='word_1_142' title='bbox 257 2072 346 2136; x_wconf 81' lang='lat' dir='ltr'>famuli</span> <span class='ocrx_word' id='word_1_143' title='bbox 356 2072 413 2118; x_wconf 81' lang='lat' dir='ltr'>alter</span> <span class='ocrx_word' id='word_1_144' title='bbox 425 2073 509 2118; x_wconf 83' lang='lat' dir='ltr'>Hamb.</span> <span class='ocrx_word' id='word_1_145' title='bbox 521 2097 553 2108; x_wconf 82' lang='lat'><em>-</em></span> <span class='ocrx_word' id='word_1_146' title='bbox 566 2072 618 2118; x_wconf 78' lang='lat'>262.</span> <span class='ocrx_word' id='word_1_147' title='bbox 634 2069 759 2127; x_wconf 71' lang='lat' dir='ltr'>invalidus,</span> <span class='ocrx_word' id='word_1_148' title='bbox 776 2080 802 2116; x_wconf 85' lang='lat' dir='ltr'>ut</span> <span class='ocrx_word' id='word_1_149' title='bbox 816 2087 838 2116; x_wconf 82' lang='lat' dir='ltr'>a.</span> <span class='ocrx_word' id='word_1_150' title='bbox 851 2071 893 2116; x_wconf 80' lang='lat' dir='ltr'>Ed.</span> <span class='ocrx_word' id='word_1_151' title='bbox 911 2087 948 2132; x_wconf 90' lang='lat' dir='ltr'>pr.</span> <span class='ocrx_word' id='word_1_152' title='bbox 966 2071 1044 2116; x_wconf 85' lang='lat' dir='ltr'>Burm.</span> <span class='ocrx_word' id='word_1_153' title='bbox 1060 2079 1083 2115; x_wconf 82' lang='lat' dir='ltr'>et</span> <span class='ocrx_word' id='word_1_154' title='bbox 1102 2069 1118 2114; x_wconf 86' lang='lat' dir='ltr'>i.</span> <span class='ocrx_word' id='word_1_155' title='bbox 1134 2079 1215 2116; x_wconf 81' lang='lat' dir='ltr'>nostru</span> <span class='ocrx_word' id='word_1_156' title='bbox 1230 2082 1281 2117; x_wconf 86' lang='lat' dir='ltr'>retr.</span> 
     </span>
     <span class='ocr_line' id='line_1_19' title="bbox 241 2141 1281 2204; baseline -0.005 -14"><span class='ocrx_word' id='word_1_157' title='bbox 241 2145 312 2200; x_wconf 78' lang='lat' dir='ltr'>edd,</span> <span class='ocrx_word' id='word_1_158' title='bbox 323 2144 399 2190; x_wconf 87' lang='lat' dir='ltr'>donec</span> <span class='ocrx_word' id='word_1_159' title='bbox 415 2145 441 2188; x_wconf 89' lang='lat' dir='ltr'>in</span> <span class='ocrx_word' id='word_1_160' title='bbox 456 2141 508 2188; x_wconf 77' lang='lat' dir='ltr'>Ald.</span> <span class='ocrx_word' id='word_1_161' title='bbox 527 2154 581 2189; x_wconf 74' lang='lat' dir='ltr'>tert,</span> <span class='ocrx_word' id='word_1_162' title='bbox 600 2151 675 2188; x_wconf 76' lang='lat' dir='ltr'>uestra</span> <span class='ocrx_word' id='word_1_163' title='bbox 687 2145 807 2204; x_wconf 79' lang='lat' dir='ltr'>apparuit,</span> <span class='ocrx_word' id='word_1_164' title='bbox 820 2143 884 2204; x_wconf 89' lang='lat' dir='ltr'>quod</span> <span class='ocrx_word' id='word_1_165' title='bbox 898 2141 967 2188; x_wconf 85' lang='lat' dir='ltr'>codd.</span> <span class='ocrx_word' id='word_1_166' title='bbox 984 2142 1044 2186; x_wconf 88' lang='lat' dir='ltr'>Pier.</span> <span class='ocrx_word' id='word_1_167' title='bbox 1058 2153 1082 2187; x_wconf 87' lang='lat' dir='ltr'>et</span> <span class='ocrx_word' id='word_1_168' title='bbox 1093 2142 1175 2188; x_wconf 75' lang='lat' dir='ltr'>licina.</span> <span class='ocrx_word' id='word_1_169' title='bbox 1187 2141 1281 2187; x_wconf 77' lang='lat' dir='ltr'>firmant.</span> 
     </span>
     <span class='ocr_line' id='line_1_20' title="bbox 239 2167 1334 2275; baseline -0.001 -15"><span class='ocrx_word' id='word_1_170' title='bbox 239 2239 271 2251; x_wconf 91' lang='lat'>·-</span> <span class='ocrx_word' id='word_1_171' title='bbox 282 2214 334 2260; x_wconf 74' lang='lat'><strong>263.</strong></span> <span class='ocrx_word' id='word_1_172' title='bbox 347 2215 384 2258; x_wconf 82' lang='lat' dir='ltr'>Ne</span> <span class='ocrx_word' id='word_1_173' title='bbox 396 2229 448 2275; x_wconf 88' lang='lat' dir='ltr'>pop.</span> <span class='ocrx_word' id='word_1_174' title='bbox 461 2212 566 2259; x_wconf 75' lang='lat' dir='ltr'>Perrhae.</span> <span class='ocrx_word' id='word_1_175' title='bbox 581 2215 648 2258; x_wconf 88' lang='lat' dir='ltr'>Petut</span> <span class='ocrx_word' id='word_1_176' title='bbox 658 2212 717 2259; x_wconf 82' lang='lat' dir='ltr'>alter</span> <span class='ocrx_word' id='word_1_177' title='bbox 728 2213 810 2260; x_wconf 83' lang='lat' dir='ltr'>liarnb.</span> <span class='ocrx_word' id='word_1_178' title='bbox 822 2237 854 2248; x_wconf 90' lang='lat'>-</span> <span class='ocrx_word' id='word_1_179' title='bbox 866 2211 918 2268; x_wconf 68' lang='lat'>264.</span> <span class='ocrx_word' id='word_1_180' title='bbox 931 2215 1048 2257; x_wconf 76' lang='lat' dir='ltr'>unanimes</span> <span class='ocrx_word' id='word_1_181' title='bbox 1060 2211 1149 2258; x_wconf 85' lang='lat' dir='ltr'>Medic.</span> <span class='ocrx_word' id='word_1_182' title='bbox 1161 2225 1185 2259; x_wconf 88' lang='lat' dir='ltr'>et</span> <span class='ocrx_word' id='word_1_183' title='bbox 1197 2212 1237 2258; x_wconf 79' lang='lat' dir='ltr'>elii</span> <span class='ocrx_word' id='word_1_184' title='bbox 1250 2215 1283 2257; x_wconf 91' lang='lat' dir='ltr'>in·</span> <span class='ocrx_word' id='word_1_185' title='bbox 1333 2167 1334 2259; x_wconf 91' lang='lat' dir='ltr'>i</span> 
     </span>
     <span class='ocr_line' id='line_1_21' title="bbox 240 2282 1284 2348; baseline -0.003 -17"><span class='ocrx_word' id='word_1_186' title='bbox 240 2297 307 2348; x_wconf 78' lang='lat' dir='ltr'>qrato</span> <span class='ocrx_word' id='word_1_187' title='bbox 318 2299 383 2330; x_wconf 76' lang='lat' dir='ltr'>sono.</span> <span class='ocrx_word' id='word_1_188' title='bbox 402 2286 514 2328; x_wconf 73' lang='lat' dir='ltr'>unonunir</span> <span class='ocrx_word' id='word_1_189' title='bbox 528 2284 602 2330; x_wconf 87' lang='lat' dir='ltr'>edidit</span> <span class='ocrx_word' id='word_1_190' title='bbox 615 2283 769 2346; x_wconf 71' lang='lat' dir='ltr'>Cuninqham.</span> <span class='ocrx_word' id='word_1_191' title='bbox 786 2285 875 2330; x_wconf 71' lang='lat' dir='ltr'>dorsete</span> <span class='ocrx_word' id='word_1_192' title='bbox 886 2285 951 2330; x_wconf 82' lang='lat' dir='ltr'>Rom.</span> <span class='ocrx_word' id='word_1_193' title='bbox 966 2299 1019 2329; x_wconf 87' lang='lat' dir='ltr'>cum</span> <span class='ocrx_word' id='word_1_194' title='bbox 1030 2295 1096 2345; x_wconf 80' lang='lat' dir='ltr'>parte</span> <span class='ocrx_word' id='word_1_195' title='bbox 1113 2284 1205 2330; x_wconf 79' lang='lat' dir='ltr'>lieineii</span> <span class='ocrx_word' id='word_1_196' title='bbox 1216 2282 1284 2329; x_wconf 82' lang='lat' dir='ltr'>libro-</span> 
     </span>
     <span class='ocr_line' id='line_1_22' title="bbox 242 2354 1283 2420; baseline -0.003 -18"><span class='ocrx_word' id='word_1_197' title='bbox 242 2371 307 2411; x_wconf 86' lang='lat' dir='ltr'>rum,</span> <span class='ocrx_word' id='word_1_198' title='bbox 319 2357 360 2417; x_wconf 89' lang='lat' dir='ltr'>qui</span> <span class='ocrx_word' id='word_1_199' title='bbox 380 2365 403 2400; x_wconf 86' lang='lat' dir='ltr'>et</span> <span class='ocrx_word' id='word_1_200' title='bbox 420 2367 553 2416; x_wconf 82' lang='lat' dir='ltr'>receperat,</span> <span class='ocrx_word' id='word_1_201' title='bbox 570 2367 682 2417; x_wconf 82' lang='lat' dir='ltr'>tanquam</span> <span class='ocrx_word' id='word_1_202' title='bbox 698 2357 834 2420; x_wconf 73' lang='lat' dir='ltr'>exquisitius</span> <span class='ocrx_word' id='word_1_203' title='bbox 849 2355 954 2402; x_wconf 86' lang='lat' dir='ltr'>verbum.</span> <span class='ocrx_word' id='word_1_204' title='bbox 970 2354 1114 2400; x_wconf 74' lang='lat' dir='ltr'>Defenderat</span> <span class='ocrx_word' id='word_1_205' title='bbox 1125 2370 1222 2418; x_wconf 89' lang='lat' dir='ltr'>quoque</span> <span class='ocrx_word' id='word_1_206' title='bbox 1233 2354 1283 2400; x_wconf 80' lang='lat' dir='ltr'>olim</span> 
     </span>
     <span class='ocr_line' id='line_1_23' title="bbox 239 2422 1282 2486; baseline -0.004 -16"><span class='ocrx_word' id='word_1_207' title='bbox 239 2425 370 2472; x_wconf 80' lang='lat' dir='ltr'>Britrouiue</span> <span class='ocrx_word' id='word_1_208' title='bbox 383 2423 446 2484; x_wconf 79' lang='lat' dir='ltr'>apud</span> <span class='ocrx_word' id='word_1_209' title='bbox 457 2422 583 2468; x_wconf 87' lang='lat' dir='ltr'>Guellium.</span> <span class='ocrx_word' id='word_1_210' title='bbox 597 2425 643 2470; x_wconf 86' lang='lat' dir='ltr'>Sed</span> <span class='ocrx_word' id='word_1_211' title='bbox 652 2427 701 2486; x_wconf 82' lang='lat' dir='ltr'>jam</span> <span class='ocrx_word' id='word_1_212' title='bbox 712 2427 802 2471; x_wconf 77' lang='lat' dir='ltr'>Pierius</span> <span class='ocrx_word' id='word_1_213' title='bbox 814 2437 947 2480; x_wconf 83' lang='lat' dir='ltr'>monuerat,</span> <span class='ocrx_word' id='word_1_214' title='bbox 961 2425 1052 2470; x_wconf 56' lang='lat' dir='ltr'>&amp;mute</span> <span class='ocrx_word' id='word_1_215' title='bbox 1066 2439 1115 2471; x_wconf 76' lang='lat' dir='ltr'>esee</span> <span class='ocrx_word' id='word_1_216' title='bbox 1131 2427 1282 2471; x_wconf 69' lang='lat' dir='ltr'>numerorius.</span> 
     </span>
     <span class='ocr_line' id='line_1_24' title="bbox 239 2493 1332 2560; baseline -0.001 -20"><span class='ocrx_word' id='word_1_217' title='bbox 239 2497 311 2542; x_wconf 79' lang='lat' dir='ltr'>lieete</span> <span class='ocrx_word' id='word_1_218' title='bbox 321 2497 400 2556; x_wconf 85' lang='lat' dir='ltr'>itaque</span> <span class='ocrx_word' id='word_1_219' title='bbox 412 2495 529 2540; x_wconf 83' lang='lat' dir='ltr'>revocarit</span> <span class='ocrx_word' id='word_1_220' title='bbox 537 2493 582 2541; x_wconf 87' lang='lat' dir='ltr'>hoc</span> <span class='ocrx_word' id='word_1_221' title='bbox 593 2496 672 2541; x_wconf 85' lang='lat' dir='ltr'>Burm.</span> <span class='ocrx_word' id='word_1_222' title='bbox 685 2497 771 2542; x_wconf 82' lang='lat' dir='ltr'>Firmut</span> <span class='ocrx_word' id='word_1_223' title='bbox 782 2513 878 2560; x_wconf 90' lang='lat' dir='ltr'>quoque</span> <span class='ocrx_word' id='word_1_224' title='bbox 889 2497 975 2543; x_wconf 81' lang='lat' dir='ltr'>Medic.</span> <span class='ocrx_word' id='word_1_225' title='bbox 986 2512 1039 2542; x_wconf 90' lang='lat' dir='ltr'>cum</span> <span class='ocrx_word' id='word_1_226' title='bbox 1051 2495 1111 2541; x_wconf 73' lang='lat' dir='ltr'>aliie.</span> <span class='ocrx_word' id='word_1_227' title='bbox 1121 2521 1154 2531; x_wconf 96' lang='lat'><em>-</em></span> <span class='ocrx_word' id='word_1_228' title='bbox 1163 2495 1216 2543; x_wconf 77' lang='lat'><strong>265.</strong></span> <span class='ocrx_word' id='word_1_229' title='bbox 1226 2495 1284 2542; x_wconf 76' lang='lat' dir='ltr'>nolis</span> <span class='ocrx_word' id='word_1_230' title='bbox 1331 2539 1332 2554; x_wconf 31' lang='lat'>3</span> 
     </span>
     <span class='ocr_line' id='line_1_25' title="bbox 239 2566 1283 2632; baseline 0 -18"><span class='ocrx_word' id='word_1_231' title='bbox 239 2567 283 2614; x_wconf 81' lang='lat' dir='ltr'>Ed.</span> <span class='ocrx_word' id='word_1_232' title='bbox 300 2583 337 2629; x_wconf 85' lang='lat' dir='ltr'>pr.</span> <span class='ocrx_word' id='word_1_233' title='bbox 356 2567 435 2612; x_wconf 81' lang='lat' dir='ltr'>Burni.</span> <span class='ocrx_word' id='word_1_234' title='bbox 452 2581 505 2612; x_wconf 89' lang='lat' dir='ltr'>eum</span> <span class='ocrx_word' id='word_1_235' title='bbox 517 2566 570 2612; x_wconf 87' lang='lat' dir='ltr'>cod.</span> <span class='ocrx_word' id='word_1_236' title='bbox 583 2566 643 2613; x_wconf 87' lang='lat' dir='ltr'>Coll.</span> <span class='ocrx_word' id='word_1_237' title='bbox 657 2568 714 2613; x_wconf 80' lang='lat' dir='ltr'>Jern</span> <span class='ocrx_word' id='word_1_238' title='bbox 730 2571 882 2632; x_wconf 75' lang='lat' dir='ltr'>reposuitque</span> <span class='ocrx_word' id='word_1_239' title='bbox 893 2567 1038 2624; x_wconf 74' lang='lat' dir='ltr'>Wakefield3</span> <span class='ocrx_word' id='word_1_240' title='bbox 1051 2567 1142 2631; x_wconf 76' lang='lat' dir='ltr'>placet,</span> <span class='ocrx_word' id='word_1_241' title='bbox 1156 2571 1245 2632; x_wconf 85' lang='lat' dir='ltr'>iuquit,</span> <span class='ocrx_word' id='word_1_242' title='bbox 1256 2567 1283 2613; x_wconf 79' lang='lat' dir='ltr'>ob</span> 
     </span>
     <span class='ocr_line' id='line_1_26' title="bbox 238 2635 1332 2704; baseline 0.001 -21"><span class='ocrx_word' id='word_1_243' title='bbox 238 2639 375 2684; x_wconf 79' lang='lat' dir='ltr'>varietatem</span> <span class='ocrx_word' id='word_1_244' title='bbox 384 2648 455 2699; x_wconf 84' lang='lat' dir='ltr'>atque</span> <span class='ocrx_word' id='word_1_245' title='bbox 467 2635 601 2682; x_wconf 80' lang='lat' dir='ltr'>efficaciam.</span> <span class='ocrx_word' id='word_1_246' title='bbox 613 2663 645 2672; x_wconf 99' lang='lat'>-</span> <span class='ocrx_word' id='word_1_247' title='bbox 656 2636 708 2682; x_wconf 76' lang='lat'>266.</span> <span class='ocrx_word' id='word_1_248' title='bbox 720 2640 827 2685; x_wconf 76' lang='lat' dir='ltr'>adversus</span> <span class='ocrx_word' id='word_1_249' title='bbox 839 2639 905 2686; x_wconf 76' lang='lat' dir='ltr'>leid.</span> <span class='ocrx_word' id='word_1_250' title='bbox 917 2651 940 2686; x_wconf 83' lang='lat' dir='ltr'>et</span> <span class='ocrx_word' id='word_1_251' title='bbox 954 2641 1009 2702; x_wconf 71' lang='lat' dir='ltr'>ileg.</span> <span class='ocrx_word' id='word_1_252' title='bbox 1021 2637 1134 2704; x_wconf 83' lang='lat' dir='ltr'>telumque</span> <span class='ocrx_word' id='word_1_253' title='bbox 1144 2643 1233 2686; x_wconf 81' lang='lat' dir='ltr'>intorsit</span> <span class='ocrx_word' id='word_1_254' title='bbox 1241 2655 1281 2685; x_wconf 79' lang='lat' dir='ltr'>sec</span> <span class='ocrx_word' id='word_1_255' title='bbox 1331 2675 1332 2703; x_wconf 71' lang='lat'>,</span> 
     </span>
     <span class='ocr_line' id='line_1_27' title="bbox 239 2707 1283 2774; baseline 0 -20"><span class='ocrx_word' id='word_1_256' title='bbox 239 2707 338 2755; x_wconf 87' lang='lat' dir='ltr'>Mentel.</span> <span class='ocrx_word' id='word_1_257' title='bbox 350 2710 443 2771; x_wconf 79' lang='lat' dir='ltr'>conjecit</span> <span class='ocrx_word' id='word_1_258' title='bbox 456 2707 547 2772; x_wconf 79' lang='lat' dir='ltr'>aliquot</span> <span class='ocrx_word' id='word_1_259' title='bbox 561 2725 598 2770; x_wconf 84' lang='lat' dir='ltr'>ap.</span> <span class='ocrx_word' id='word_1_260' title='bbox 610 2709 672 2754; x_wconf 89' lang='lat' dir='ltr'>Pier.</span> <span class='ocrx_word' id='word_1_261' title='bbox 687 2735 718 2744; x_wconf 99' lang='lat'>-</span> <span class='ocrx_word' id='word_1_262' title='bbox 731 2711 782 2774; x_wconf 83' lang='lat'>267.</span> <span class='ocrx_word' id='word_1_263' title='bbox 800 2712 945 2756; x_wconf 74' lang='lat' dir='ltr'>Precor-rene</span> <span class='ocrx_word' id='word_1_264' title='bbox 956 2710 1022 2756; x_wconf 90' lang='lat' dir='ltr'>Leid.</span> <span class='ocrx_word' id='word_1_265' title='bbox 1035 2720 1059 2756; x_wconf 87' lang='lat' dir='ltr'>et</span> <span class='ocrx_word' id='word_1_266' title='bbox 1070 2711 1125 2754; x_wconf 80' lang='lat' dir='ltr'>Ere.</span> <span class='ocrx_word' id='word_1_267' title='bbox 1138 2712 1218 2756; x_wconf 73' lang='lat' dir='ltr'>Bur-m,</span> <span class='ocrx_word' id='word_1_268' title='bbox 1231 2713 1283 2755; x_wconf 85' lang='lat' dir='ltr'>Per-</span> 
     </span>
     <span class='ocr_line' id='line_1_28' title="bbox 240 2777 1282 2840; baseline 0.001 -16"><span class='ocrx_word' id='word_1_269' title='bbox 240 2794 333 2825; x_wconf 74' lang='lat' dir='ltr'>cumnr</span> <span class='ocrx_word' id='word_1_270' title='bbox 344 2777 432 2824; x_wconf 80' lang='lat' dir='ltr'>zulich.</span> <span class='ocrx_word' id='word_1_271' title='bbox 445 2795 498 2824; x_wconf 83' lang='lat' dir='ltr'>em.</span> <span class='ocrx_word' id='word_1_272' title='bbox 509 2794 544 2840; x_wconf 88' lang='lat' dir='ltr'>pr.</span> <span class='ocrx_word' id='word_1_273' title='bbox 554 2780 687 2826; x_wconf 71' lang='lat' dir='ltr'>rmum</span> <span class='ocrx_word' id='word_1_274' title='bbox 697 2781 811 2828; x_wconf 80' lang='lat' dir='ltr'>Montalb.</span> <span class='ocrx_word' id='word_1_275' title='bbox 823 2790 846 2827; x_wconf 86' lang='lat' dir='ltr'>et</span> <span class='ocrx_word' id='word_1_276' title='bbox 855 2797 908 2827; x_wconf 82' lang='lat' dir='ltr'>oms</span> <span class='ocrx_word' id='word_1_277' title='bbox 919 2779 1016 2828; x_wconf 79' lang='lat' dir='ltr'>Dorvill.</span> <span class='ocrx_word' id='word_1_278' title='bbox 1030 2797 1043 2826; x_wconf 82' lang='lat' dir='ltr'>e</span> <span class='ocrx_word' id='word_1_279' title='bbox 1056 2795 1087 2825; x_wconf 86' lang='lat' dir='ltr'>m.</span> <span class='ocrx_word' id='word_1_280' title='bbox 1097 2795 1134 2840; x_wconf 90' lang='lat' dir='ltr'>pr.</span> <span class='ocrx_word' id='word_1_281' title='bbox 1147 2805 1179 2816; x_wconf 93' lang='lat'><em>-</em></span> <span class='ocrx_word' id='word_1_282' title='bbox 1189 2780 1241 2826; x_wconf 74' lang='lat'>268.</span> <span class='ocrx_word' id='word_1_283' title='bbox 1251 2781 1282 2824; x_wconf 87' lang='lat' dir='ltr'>Si·</span> 
     </span>
     <span class='ocr_line' id='line_1_29' title="bbox 239 2837 1331 2925; baseline -0.002 -29"><span class='ocrx_word' id='word_1_284' title='bbox 239 2849 290 2896; x_wconf 82' lang='lat' dir='ltr'>mui</span> <span class='ocrx_word' id='word_1_285' title='bbox 302 2849 349 2895; x_wconf 81' lang='lat' dir='ltr'>iuer</span> <span class='ocrx_word' id='word_1_286' title='bbox 358 2851 418 2895; x_wconf 87' lang='lat' dir='ltr'>Vcn.</span> <span class='ocrx_word' id='word_1_287' title='bbox 430 2848 503 2895; x_wconf 82' lang='lat' dir='ltr'>Simul</span> <span class='ocrx_word' id='word_1_288' title='bbox 512 2849 552 2896; x_wconf 82' lang='lat' dir='ltr'>hoc</span> <span class='ocrx_word' id='word_1_289' title='bbox 564 2853 640 2914; x_wconf 71' lang='lat' dir='ltr'>inqens</span> <span class='ocrx_word' id='word_1_290' title='bbox 649 2860 672 2896; x_wconf 89' lang='lat' dir='ltr'>et</span> <span class='ocrx_word' id='word_1_291' title='bbox 680 2849 767 2898; x_wconf 82' lang='lat' dir='ltr'>elamor</span> <span class='ocrx_word' id='word_1_292' title='bbox 777 2851 881 2908; x_wconf 79' lang='lat' dir='ltr'>Zulieh.,</span> <span class='ocrx_word' id='word_1_293' title='bbox 894 2852 956 2898; x_wconf 89' lang='lat' dir='ltr'>unde</span> <span class='ocrx_word' id='word_1_294' title='bbox 966 2852 1045 2898; x_wconf 77' lang='lat' dir='ltr'>lleinu.</span> <span class='ocrx_word' id='word_1_295' title='bbox 1056 2853 1119 2912; x_wconf 87' lang='lat' dir='ltr'>conj.</span> <span class='ocrx_word' id='word_1_296' title='bbox 1130 2853 1148 2896; x_wconf 86' lang='lat' dir='ltr'>it</span> <span class='ocrx_word' id='word_1_297' title='bbox 1158 2850 1250 2898; x_wconf 78' lang='lat' dir='ltr'>clamor.</span> <span class='ocrx_word' id='word_1_298' title='bbox 1261 2854 1282 2895; x_wconf 83' lang='lat' dir='ltr'>in</span> <span class='ocrx_word' id='word_1_299' title='bbox 1330 2837 1331 2925; x_wconf 62' lang='lat' dir='ltr'>i</span> 
     </span>
    </p>

    <p class='ocr_par' dir='ltr' id='par_1_4' title="bbox 169 2918 1245 2984">
     <span class='ocr_line' id='line_1_30' title="bbox 169 2918 1245 2984; baseline -0.002 -18"><span class='ocrx_word' id='word_1_300' title='bbox 169 2919 174 2936; x_wconf 90' lang='lat'>&#39;</span> <span class='ocrx_word' id='word_1_301' title='bbox 240 2919 338 2966; x_wconf 86' lang='lat' dir='ltr'>Oudart.</span> <span class='ocrx_word' id='word_1_302' title='bbox 350 2919 430 2966; x_wconf 80' lang='lat' dir='ltr'>aberat</span> <span class='ocrx_word' id='word_1_303' title='bbox 440 2918 513 2965; x_wconf 73' lang='lat' dir='ltr'>Sinni</span> <span class='ocrx_word' id='word_1_304' title='bbox 524 2918 571 2966; x_wconf 82' lang='lat' dir='ltr'>hoc.</span> <span class='ocrx_word' id='word_1_305' title='bbox 584 2920 692 2967; x_wconf 76' lang='lat' dir='ltr'>Sedent:</span> <span class='ocrx_word' id='word_1_306' title='bbox 704 2921 773 2968; x_wconf 79' lang='lat' dir='ltr'>simui</span> <span class='ocrx_word' id='word_1_307' title='bbox 784 2921 824 2970; x_wconf 85' lang='lat' dir='ltr'>iroc</span> <span class='ocrx_word' id='word_1_308' title='bbox 837 2922 937 2978; x_wconf 80' lang='lat' dir='ltr'>factum,</span> <span class='ocrx_word' id='word_1_309' title='bbox 948 2919 1059 2984; x_wconf 76' lang='lat' dir='ltr'>simulque</span> <span class='ocrx_word' id='word_1_310' title='bbox 1069 2920 1145 2966; x_wconf 70' lang='lat' dir='ltr'>laenis</span> <span class='ocrx_word' id='word_1_311' title='bbox 1153 2919 1245 2970; x_wconf 82' lang='lat' dir='ltr'>clamor.</span> 
     </span>
    </p>
   </div>
   <div class='ocr_carea' id='block_1_4' title="bbox 189 3052 1328 4080">
    <p class='ocr_par' dir='ltr' id='par_1_5' title="bbox 189 3052 1328 4080">
     <span class='ocr_line' id='line_1_31' title="bbox 240 3052 1282 3128; baseline -0.002 -22"><span class='ocrx_word' id='word_1_312' title='bbox 240 3053 329 3120; x_wconf 81' lang='lat' dir='ltr'>diunt,</span> <span class='ocrx_word' id='word_1_313' title='bbox 341 3052 375 3106; x_wconf 83' lang='lat' dir='ltr'>ed</span> <span class='ocrx_word' id='word_1_314' title='bbox 387 3071 461 3106; x_wconf 85' lang='lat' dir='ltr'>arma</span> <span class='ocrx_word' id='word_1_315' title='bbox 470 3053 616 3125; x_wconf 85' lang='lat' dir='ltr'>capienda,</span> <span class='ocrx_word' id='word_1_316' title='bbox 629 3073 740 3121; x_wconf 83' lang='lat' dir='ltr'>manus,</span> <span class='ocrx_word' id='word_1_317' title='bbox 784 3073 833 3126; x_wconf 89' lang='lat' dir='ltr'>per</span> <span class='ocrx_word' id='word_1_318' title='bbox 845 3073 873 3108; x_wconf 86' lang='lat' dir='ltr'>se</span> <span class='ocrx_word' id='word_1_319' title='bbox 887 3055 1054 3128; x_wconf 78' lang='lat' dir='ltr'>ambiguum,</span> <span class='ocrx_word' id='word_1_320' title='bbox 1066 3055 1129 3106; x_wconf 90' lang='lat' dir='ltr'>etin</span> <span class='ocrx_word' id='word_1_321' title='bbox 1146 3067 1282 3126; x_wconf 82' lang='lat' dir='ltr'>utrumque</span> 
     </span>
     <span class='ocr_line' id='line_1_32' title="bbox 241 3131 1281 3209; baseline 0 -25"><span class='ocrx_word' id='word_1_322' title='bbox 241 3151 325 3204; x_wconf 83' lang='lat' dir='ltr'>quas,</span> <span class='ocrx_word' id='word_1_323' title='bbox 337 3144 431 3205; x_wconf 86' lang='lat' dir='ltr'>utpote</span> <span class='ocrx_word' id='word_1_324' title='bbox 441 3133 536 3200; x_wconf 82' lang='lat' dir='ltr'>otiosi,</span> <span class='ocrx_word' id='word_1_325' title='bbox 549 3133 637 3205; x_wconf 83' lang='lat' dir='ltr'>palliis</span> <span class='ocrx_word' id='word_1_326' title='bbox 649 3134 690 3185; x_wconf 85' lang='lat' dir='ltr'>vel</span> <span class='ocrx_word' id='word_1_327' title='bbox 704 3148 743 3185; x_wconf 88' lang='lat' dir='ltr'>to·</span> <span class='ocrx_word' id='word_1_328' title='bbox 784 3131 889 3209; x_wconf 83' lang='lat' dir='ltr'>partem</span> <span class='ocrx_word' id='word_1_329' title='bbox 906 3137 978 3187; x_wconf 85' lang='lat' dir='ltr'>varie</span> <span class='ocrx_word' id='word_1_330' title='bbox 994 3133 1243 3205; x_wconf 85' lang='lat' dir='ltr'>interpretandum,</span> <span class='ocrx_word' id='word_1_331' title='bbox 1258 3136 1281 3184; x_wconf 92' lang='lat' dir='ltr'>in</span> 
     </span>
     <span class='ocr_line' id='line_1_33' title="bbox 238 3211 1281 3286; baseline -0.001 -21"><span class='ocrx_word' id='word_1_332' title='bbox 238 3215 279 3286; x_wconf 74' lang='lat' dir='ltr'>qis</span> <span class='ocrx_word' id='word_1_333' title='bbox 289 3213 422 3266; x_wconf 83' lang='lat' dir='ltr'>involutas</span> <span class='ocrx_word' id='word_1_334' title='bbox 435 3211 581 3266; x_wconf 76' lang='lat' dir='ltr'>habehant.</span> <span class='ocrx_word' id='word_1_335' title='bbox 595 3214 699 3266; x_wconf 84' lang='lat' dir='ltr'>Servius</span> <span class='ocrx_word' id='word_1_336' title='bbox 710 3233 741 3266; x_wconf 89' lang='lat' dir='ltr'>eo</span> <span class='ocrx_word' id='word_1_337' title='bbox 787 3235 847 3269; x_wconf 89' lang='lat' dir='ltr'>eum</span> <span class='ocrx_word' id='word_1_338' title='bbox 860 3233 965 3267; x_wconf 82' lang='lat' dir='ltr'>sensum</span> <span class='ocrx_word' id='word_1_339' title='bbox 977 3217 1160 3286; x_wconf 84' lang='lat' dir='ltr'>interpretari,</span> <span class='ocrx_word' id='word_1_340' title='bbox 1173 3217 1281 3284; x_wconf 85' lang='lat' dir='ltr'>utaqui-</span> 
     </span>
     <span class='ocr_line' id='line_1_34' title="bbox 240 3291 1281 3367; baseline 0.001 -25"><span class='ocrx_word' id='word_1_341' title='bbox 240 3294 338 3358; x_wconf 86' lang='lat' dir='ltr'>refert,</span> <span class='ocrx_word' id='word_1_342' title='bbox 355 3305 385 3344; x_wconf 89' lang='lat' dir='ltr'>ut</span> <span class='ocrx_word' id='word_1_343' title='bbox 401 3291 528 3346; x_wconf 85' lang='lat' dir='ltr'>dimicare</span> <span class='ocrx_word' id='word_1_344' title='bbox 540 3312 568 3346; x_wconf 86' lang='lat' dir='ltr'>sc</span> <span class='ocrx_word' id='word_1_345' title='bbox 580 3293 648 3346; x_wconf 83' lang='lat' dir='ltr'>velle</span> <span class='ocrx_word' id='word_1_346' title='bbox 661 3295 741 3367; x_wconf 78' lang='lat' dir='ltr'>signi·</span> <span class='ocrx_word' id='word_1_347' title='bbox 786 3295 840 3347; x_wconf 85' lang='lat' dir='ltr'>iarn</span> <span class='ocrx_word' id='word_1_348' title='bbox 853 3294 885 3347; x_wconf 88' lang='lat' dir='ltr'>de</span> <span class='ocrx_word' id='word_1_349' title='bbox 896 3296 995 3362; x_wconf 83' lang='lat' dir='ltr'>AEnea,</span> <span class='ocrx_word' id='word_1_350' title='bbox 1008 3312 1121 3366; x_wconf 79' lang='lat' dir='ltr'>cygnum</span> <span class='ocrx_word' id='word_1_351' title='bbox 1134 3292 1169 3346; x_wconf 86' lang='lat' dir='ltr'>de</span> <span class='ocrx_word' id='word_1_352' title='bbox 1181 3293 1281 3358; x_wconf 90' lang='lat' dir='ltr'>Turno,</span> 
     </span>
     <span class='ocr_line' id='line_1_35' title="bbox 240 3369 1279 3446; baseline 0.001 -26"><span class='ocrx_word' id='word_1_353' title='bbox 240 3371 335 3422; x_wconf 80' lang='lat' dir='ltr'>fiuent:</span> <span class='ocrx_word' id='word_1_354' title='bbox 347 3369 434 3422; x_wconf 86' lang='lat' dir='ltr'>Cerda</span> <span class='ocrx_word' id='word_1_355' title='bbox 446 3391 507 3424; x_wconf 89' lang='lat' dir='ltr'>cum</span> <span class='ocrx_word' id='word_1_356' title='bbox 516 3371 636 3438; x_wconf 88' lang='lat' dir='ltr'>Guellio,</span> <span class='ocrx_word' id='word_1_357' title='bbox 646 3386 675 3423; x_wconf 92' lang='lat' dir='ltr'>ut</span> <span class='ocrx_word' id='word_1_358' title='bbox 686 3391 741 3424; x_wconf 87' lang='lat' dir='ltr'>ma·</span> <span class='ocrx_word' id='word_1_359' title='bbox 786 3375 908 3446; x_wconf 84' lang='lat' dir='ltr'>accipiat.</span> <span class='ocrx_word' id='word_1_360' title='bbox 930 3403 964 3412; x_wconf 93' lang='lat'>-</span> <span class='ocrx_word' id='word_1_361' title='bbox 982 3373 1042 3428; x_wconf 77' lang='lat'><em>268..</em></span> <span class='ocrx_word' id='word_1_362' title='bbox 1065 3374 1156 3438; x_wconf 65' lang='grc' dir='ltr'>δόντας</span> <span class='ocrx_word' id='word_1_363' title='bbox 1176 3371 1279 3424; x_wconf 85' lang='lat' dir='ltr'>directo.</span> 
     </span>
     <span class='ocr_line' id='line_1_36' title="bbox 240 3446 1328 3522; baseline 0.006 -24"><span class='ocrx_word' id='word_1_364' title='bbox 240 3465 291 3498; x_wconf 80' lang='lat' dir='ltr'>nus</span> <span class='ocrx_word' id='word_1_365' title='bbox 311 3446 346 3498; x_wconf 89' lang='lat' dir='ltr'>ad</span> <span class='ocrx_word' id='word_1_366' title='bbox 363 3449 456 3500; x_wconf 75' lang='lat' dir='ltr'>carlum</span> <span class='ocrx_word' id='word_1_367' title='bbox 473 3449 610 3502; x_wconf 74' lang='lat' dir='ltr'>extollant.</span> <span class='ocrx_word' id='word_1_368' title='bbox 629 3450 741 3503; x_wconf 86' lang='lat' dir='ltr'>Videtur</span> <span class='ocrx_word' id='word_1_369' title='bbox 785 3451 874 3506; x_wconf 81' lang='lat' dir='ltr'>Simul</span> <span class='ocrx_word' id='word_1_370' title='bbox 882 3451 945 3517; x_wconf 82' lang='lat' dir='ltr'>hoc,</span> <span class='ocrx_word' id='word_1_371' title='bbox 956 3449 1038 3504; x_wconf 78' lang='lat' dir='ltr'>simul</span> <span class='ocrx_word' id='word_1_372' title='bbox 1041 3489 1050 3517; x_wconf 85' lang='lat'>,</span> <span class='ocrx_word' id='word_1_373' title='bbox 1063 3453 1151 3502; x_wconf 82' lang='lat' dir='ltr'>veriat</span> <span class='ocrx_word' id='word_1_374' title='bbox 1161 3451 1204 3517; x_wconf 88' lang='lat' dir='ltr'>id,</span> <span class='ocrx_word' id='word_1_375' title='bbox 1216 3449 1281 3522; x_wconf 91' lang='lat' dir='ltr'>quod</span> <span class='ocrx_word' id='word_1_376' title='bbox 1327 3495 1328 3504; x_wconf 68' lang='grc'>,</span> 
     </span>
     <span class='ocr_line' id='line_1_37' title="bbox 240 3506 1328 3600; baseline 0.004 -22"><span class='ocrx_word' id='word_1_377' title='bbox 240 3526 370 3578; x_wconf 83' lang='lat' dir='ltr'>naturalis</span> <span class='ocrx_word' id='word_1_378' title='bbox 392 3526 531 3580; x_wconf 89' lang='lat' dir='ltr'>hominum</span> <span class='ocrx_word' id='word_1_379' title='bbox 558 3541 665 3594; x_wconf 80' lang='lat' dir='ltr'>motus,</span> <span class='ocrx_word' id='word_1_380' title='bbox 694 3531 740 3600; x_wconf 90' lang='lat' dir='ltr'>qui</span> <span class='ocrx_word' id='word_1_381' title='bbox 786 3531 851 3584; x_wconf 81' lang='lat' dir='ltr'>alias</span> <span class='ocrx_word' id='word_1_382' title='bbox 871 3544 910 3584; x_wconf 88' lang='lat' dir='ltr'>est</span> <span class='ocrx_word' id='word_1_383' title='bbox 925 3528 1005 3584; x_wconf 82' lang='lat' dir='ltr'>simui</span> <span class='ocrx_word' id='word_1_384' title='bbox 1022 3527 1171 3600; x_wconf 75' lang='lat' dir='ltr'>simulque,</span> <span class='ocrx_word' id='word_1_385' title='bbox 1192 3529 1281 3596; x_wconf 61' lang='lat' dir='ltr'>epau</span> <span class='ocrx_word' id='word_1_386' title='bbox 1327 3506 1328 3594; x_wconf 81' lang='lat' dir='ltr'>i</span> 
     </span>
     <span class='ocr_line' id='line_1_38' title="bbox 240 3603 1327 3681; baseline 0.002 -24"><span class='ocrx_word' id='word_1_387' title='bbox 240 3603 380 3676; x_wconf 86' lang='lat' dir='ltr'>spontefit,</span> <span class='ocrx_word' id='word_1_388' title='bbox 390 3623 471 3675; x_wconf 91' lang='lat' dir='ltr'>quum</span> <span class='ocrx_word' id='word_1_389' title='bbox 479 3626 507 3660; x_wconf 89' lang='lat' dir='ltr'>re</span> <span class='ocrx_word' id='word_1_390' title='bbox 516 3607 741 3679; x_wconf 83' lang='lat' dir='ltr'>inopinatavehe-</span> <span class='ocrx_word' id='word_1_391' title='bbox 784 3610 832 3660; x_wconf 74' lang='lat' dir='ltr'>uei.</span> <span class='ocrx_word' id='word_1_392' title='bbox 846 3609 920 3681; x_wconf 87' lang='lat' dir='ltr'>Saepe</span> <span class='ocrx_word' id='word_1_393' title='bbox 925 3612 980 3679; x_wconf 87' lang='lat' dir='ltr'>jam</span> <span class='ocrx_word' id='word_1_394' title='bbox 991 3608 1115 3661; x_wconf 84' lang='lat' dir='ltr'>vidimus.</span> <span class='ocrx_word' id='word_1_395' title='bbox 1127 3610 1201 3660; x_wconf 84' lang='lat' dir='ltr'>coni.</span> <span class='ocrx_word' id='word_1_396' title='bbox 1216 3609 1280 3662; x_wconf 78' lang='lat' dir='ltr'>Serv.</span> <span class='ocrx_word' id='word_1_397' title='bbox 1326 3621 1327 3638; x_wconf 65' lang='lat'><em>³</em></span> 
     </span>
     <span class='ocr_line' id='line_1_39' title="bbox 240 3683 1282 3760; baseline 0.004 -26"><span class='ocrx_word' id='word_1_398' title='bbox 240 3695 344 3734; x_wconf 86' lang='lat' dir='ltr'>menter</span> <span class='ocrx_word' id='word_1_399' title='bbox 360 3683 546 3754; x_wconf 87' lang='lat' dir='ltr'>percellimur,</span> <span class='ocrx_word' id='word_1_400' title='bbox 564 3699 593 3738; x_wconf 89' lang='lat' dir='ltr'>ut</span> <span class='ocrx_word' id='word_1_401' title='bbox 609 3686 644 3739; x_wconf 83' lang='lat' dir='ltr'>ad</span> <span class='ocrx_word' id='word_1_402' title='bbox 663 3705 742 3758; x_wconf 73' lang='lat' dir='ltr'>agen·</span> <span class='ocrx_word' id='word_1_403' title='bbox 784 3688 884 3760; x_wconf 80' lang='lat'>-269.</span> <span class='ocrx_word' id='word_1_404' title='bbox 896 3687 1127 3741; x_wconf 81' lang='lat' dir='ltr'>cuneosetheotro</span> <span class='ocrx_word' id='word_1_405' title='bbox 1138 3691 1238 3759; x_wconf 82' lang='lat' dir='ltr'>petitos</span> <span class='ocrx_word' id='word_1_406' title='bbox 1247 3708 1282 3739; x_wconf 93' lang='lat' dir='ltr'>or·</span> 
     </span>
     <span class='ocr_line' id='line_1_40' title="bbox 241 3764 1327 3839; baseline -0.001 -23"><span class='ocrx_word' id='word_1_407' title='bbox 241 3764 304 3816; x_wconf 86' lang='lat' dir='ltr'>dom</span> <span class='ocrx_word' id='word_1_408' title='bbox 317 3775 343 3815; x_wconf 83' lang='lat' dir='ltr'>et</span> <span class='ocrx_word' id='word_1_409' title='bbox 352 3766 548 3836; x_wconf 79' lang='lat' dir='ltr'>suscipiendam</span> <span class='ocrx_word' id='word_1_410' title='bbox 561 3788 616 3821; x_wconf 91' lang='lat' dir='ltr'>rem</span> <span class='ocrx_word' id='word_1_411' title='bbox 631 3787 681 3821; x_wconf 86' lang='lat' dir='ltr'>nos</span> <span class='ocrx_word' id='word_1_412' title='bbox 698 3787 748 3822; x_wconf 84' lang='lat' dir='ltr'>ac··</span> <span class='ocrx_word' id='word_1_413' title='bbox 783 3781 846 3821; x_wconf 83' lang='lat' dir='ltr'>nate</span> <span class='ocrx_word' id='word_1_414' title='bbox 869 3786 919 3839; x_wconf 91' lang='lat' dir='ltr'>pro</span> <span class='ocrx_word' id='word_1_415' title='bbox 944 3783 1070 3819; x_wconf 83' lang='lat' dir='ltr'>consessu</span> <span class='ocrx_word' id='word_1_416' title='bbox 1091 3780 1119 3819; x_wconf 87' lang='lat' dir='ltr'>et</span> <span class='ocrx_word' id='word_1_417' title='bbox 1145 3785 1280 3821; x_wconf 72' lang='lat' dir='ltr'>consessus</span> <span class='ocrx_word' id='word_1_418' title='bbox 1326 3773 1327 3815; x_wconf 74' lang='lat'>3</span> 
     </span>
     <span class='ocr_line' id='line_1_41' title="bbox 189 3844 1279 3919; baseline 0.003 -25"><span class='ocrx_word' id='word_1_419' title='bbox 189 3849 198 3876; x_wconf 77' lang='lat'><em>⁴</em></span> <span class='ocrx_word' id='word_1_420' title='bbox 241 3844 394 3915; x_wconf 70' lang='lat' dir='ltr'>cingamus,</span> <span class='ocrx_word' id='word_1_421' title='bbox 418 3845 535 3913; x_wconf 83' lang='lat' dir='ltr'>exprimi.</span> <span class='ocrx_word' id='word_1_422' title='bbox 555 3876 590 3885; x_wconf 92' lang='lat'><em>-</em></span> <span class='ocrx_word' id='word_1_423' title='bbox 607 3847 666 3898; x_wconf 78' lang='lat'><strong>260.</strong></span> <span class='ocrx_word' id='word_1_424' title='bbox 688 3867 738 3919; x_wconf 89' lang='lat' dir='ltr'>pro</span> <span class='ocrx_word' id='word_1_425' title='bbox 784 3847 922 3900; x_wconf 86' lang='lat' dir='ltr'>ordinibus</span> <span class='ocrx_word' id='word_1_426' title='bbox 936 3844 1132 3918; x_wconf 69' lang='lat' dir='ltr'>dixit.*Mulim</span> <span class='ocrx_word' id='word_1_427' title='bbox 1147 3849 1188 3899; x_wconf 81' lang='lat' dir='ltr'>sic</span> <span class='ocrx_word' id='word_1_428' title='bbox 1200 3848 1279 3899; x_wconf 87' lang='lat' dir='ltr'>dictos</span> 
     </span>
     <span class='ocr_line' id='line_1_42' title="bbox 238 3921 1280 4000; baseline 0.004 -28"><span class='ocrx_word' id='word_1_429' title='bbox 238 3921 362 3994; x_wconf 71' lang='lat' dir='ltr'>vulgato:</span> <span class='ocrx_word' id='word_1_430' title='bbox 377 3923 481 3992; x_wconf 80' lang='lat' dir='ltr'>accipio</span> <span class='ocrx_word' id='word_1_431' title='bbox 496 3940 582 3975; x_wconf 89' lang='lat' dir='ltr'>omen.</span> <span class='ocrx_word' id='word_1_432' title='bbox 595 3925 684 3976; x_wconf 85' lang='lat' dir='ltr'>Facile</span> <span class='ocrx_word' id='word_1_433' title='bbox 694 3945 740 3977; x_wconf 87' lang='lat' dir='ltr'>au·</span> <span class='ocrx_word' id='word_1_434' title='bbox 783 3929 817 3980; x_wconf 87' lang='lat' dir='ltr'>ab</span> <span class='ocrx_word' id='word_1_435' title='bbox 826 3930 958 4000; x_wconf 75' lang='lat' dir='ltr'>agminum</span> <span class='ocrx_word' id='word_1_436' title='bbox 966 3925 1059 3998; x_wconf 79' lang='lat' dir='ltr'>ligura.</span> <span class='ocrx_word' id='word_1_437' title='bbox 1067 3928 1099 3975; x_wconf 85' lang='lat' dir='ltr'>V.</span> <span class='ocrx_word' id='word_1_438' title='bbox 1109 3926 1184 3979; x_wconf 84' lang='lat' dir='ltr'>infre</span> <span class='ocrx_word' id='word_1_439' title='bbox 1191 3945 1215 3978; x_wconf 85' lang='lat' dir='ltr'>v.</span> <span class='ocrx_word' id='word_1_440' title='bbox 1228 3926 1280 3995; x_wconf 78' lang='lat'><em>575.</em></span> 
     </span>
     <span class='ocr_line' id='line_1_43' title="bbox 240 3999 1280 4080; baseline 0.007 -29"><span class='ocrx_word' id='word_1_441' title='bbox 240 4013 293 4054; x_wconf 88' lang='lat' dir='ltr'>tem</span> <span class='ocrx_word' id='word_1_442' title='bbox 304 3999 395 4067; x_wconf 84' lang='lat' dir='ltr'>vides,</span> <span class='ocrx_word' id='word_1_443' title='bbox 409 4000 579 4053; x_wconf 88' lang='lat' dir='ltr'>Tolumnium</span> <span class='ocrx_word' id='word_1_444' title='bbox 597 4005 738 4075; x_wconf 72' lang='lat' dir='ltr'>augurium</span> <span class='ocrx_word' id='word_1_445' title='bbox 818 4023 877 4077; x_wconf 83' lang='lat'>²7⁰·</span> <span class='ocrx_word' id='word_1_446' title='bbox 894 4009 1014 4062; x_wconf 60' lang='lat' dir='ltr'>Hasta...·</span> <span class='ocrx_word' id='word_1_447' title='bbox 1024 4005 1184 4080; x_wconf 70' lang='lat' dir='ltr'>transadigit</span> <span class='ocrx_word' id='word_1_448' title='bbox 1201 4025 1280 4058; x_wconf 80' lang='lat' dir='ltr'>unum</span> 
     </span>
    </p>
   </div>
   <div class='ocr_carea' id='block_1_5' title="bbox 0 0 1371 4594">
    <p class='ocr_par' dir='ltr' id='par_1_6' title="bbox 0 0 1371 4594">
     <span class='ocr_line' id='line_1_44' title="bbox 0 0 1371 4594; baseline 0 0"><span class='ocrx_word' id='word_1_449' title='bbox 0 0 1371 4594; x_wconf 95' lang='lat' dir='ltr'> </span> 
     </span>
    </p>
   </div>
  </div>
 </body>
</html>
