2718 4594
225 261 288 328 312
473 262 508 325 P.
531 260 766 325 VlllGlLll
787 259 1018 329 Maronis

223 384 430 474 Invalidique
443 407 552 464 senes,
566 386 664 449 turris
678 401 710 448 et
723 402 808 450 tecta
820 383 997 450 domorum

222 490 406 571 Obsedere3
419 492 473 555 alii
486 493 589 580 portis
600 491 796 556 sublimibus
808 490 948 556 adstant.

267 601 309 662 At
320 599 409 662 June
422 620 597 677 esummo,
611 597 667 686 qui
681 620 769 662 nunc
781 597 927 662 Albanus
939 595 1100 677 babetur,.

225 703 314 768 Tum
326 727 435 792 neque
447 726 570 768 nomen
583 720 665 783 erat,
679 727 741 769 nec
752 703 874 782 bonos,
887 720 944 768 aut
956 704 1059 791 gloria
1071 703 1193 782 monti,
1231 713 1278 762 135

224 810 432 899 Prospiciens
443 808 573 874 tumulo
585 833 739 898 campum
749 809 973 897 adspectabat,
988 827 1020 874 et
1031 809 1144 874 ambas

226 918 429 980 Laurentum
442 917 636 1004 Troumque
647 916 748 994 acies,
763 915 947 1005 urbemque
960 914 1078 980 Latini.

227 1022 400 1110 Extemplo
413 1023 518 1085 Turni
531 1023 577 1086 sic
591 1038 639 1086 est
650 1020 758 1087 adfata
771 1044 919 1086 sororem

226 1128 310 1192 Diva
322 1128 432 1208 deam,
447 1128 567 1216 stagnis
580 1151 654 1217 quae
666 1127 925 1217 fluminibusque
937 1128 1065 1192 sonoris

226 1232 500 1314 Praesidet;hunc
512 1234 560 1297 illi
571 1257 628 1298 rex
640 1233 770 1298 aetheris
782 1234 866 1298 altus
878 1234 1042 1298 honorem
1233 1241 1277 1300 »lo
1339 1295 1340 1300 ,

227 1341 381 1428 luppiter
392 1356 505 1427 erepta
516 1362 577 1426 pro
588 1339 773 1427 virginitate
786 1340 943 1404 sacravit:
1339 1345 1340 1360 ¹

233 1474 246 1502 a
260 1443 427 1533 Nympha,
441 1444 543 1508 decus
556 1444 749 1524 fluviorum,
762 1445 874 1509 animo
886 1443 1068 1532 gratissima
1079 1460 1212 1522 nostru,

229 1550 311 1628 Scis,
325 1566 362 1612 ut
373 1566 405 1612 te
418 1550 544 1614 eunctis
557 1573 671 1630 unam,
686 1573 905 1640 quaecumque
918 1550 1043 1614 Latinae

228 1655 430 1742 Magnanimi
442 1655 535 1719 Jovis
546 1656 710 1742 ingratum
721 1655 925 1722 adscendere
938 1656 1062 1735 cubile,

261 1816 313 1862 131.
329 1819 442 1882 turmisque
453 1817 523 1864 Goth.
534 1829 623 1864 tertiae
636 1827 652 1863 t.
665 1818 710 1865 Ed.
718 1819 816 1866 Mediol.
829 1818 936 1866 Perrhae.
949 1819 1015 1864 Rom.
1026 1829 1072 1864 ete
1084 1816 1138 1863 cod.
1149 1815 1209 1864 Coll.
1220 1815 1276 1862 Iesu

229 1885 322 1932 Waltel.
337 1913 368 1922 -
385 1887 434 1933 133.
452 1887 558 1934 Obsrdere
570 1888 666 1936 Mentel.
682 1901 735 1935 tert.
752 1891 806 1936 vide
820 1889 861 1934 lib.
876 1889 930 1944 VII,
945 1889 998 1934 313.
1013 1891 1099 1933 instant
1108 1886 1199 1933 Zulicb.
1215 1903 1227 1932 a
1245 1901 1278 1930 ma

229 1971 266 2017 pr.
283 1956 396 2003 Montalb.
412 1969 435 2004 et
449 1958 491 2003 Ed.
504 1961 582 2005 burm.
599 1976 635 2023 pr.
649 1977 701 2006 cum
716 1963 782 2006 nom.
796 1973 819 2008 et
835 1959 893 2006 aliis.
907 1984 940 1997 --
956 1958 1006 2016 134.
1020 1975 1050 2004 ex
1060 1975 1080 2004 s.
1093 1971 1147 2004 ante
1159 1958 1238 2002 Heius.
1247 1981 1277 1992 -
1339 1955 1340 2004 l

232 2027 284 2073 135.
299 2043 371 2091 neque
386 2028 454 2075 tonos
463 2029 544 2075 itidem
555 2042 608 2076 aute
620 2032 712 2088 Heium,
727 2043 853 2093 utrumque
867 2041 980 2077 mutatum
991 2045 1019 2076 ex
1028 2029 1100 2086 llbb.,
1111 2027 1154 2074 sed
1162 2029 1278 2074 revocavit
1339 2011 1340 2052 l

229 2113 302 2162 neque
315 2101 469 2162 Cuningbam.
484 2117 524 2147 nec
539 2101 615 2149 honor.
630 2119 671 2148 nec
681 2102 712 2168 ql.
727 2103 786 2149 alter
797 2105 888 2165 Menag.
902 2114 925 2148 et
936 2102 1057 2164 oblongus
1071 2118 1109 2163 ap.
1129 2101 1191 2146 Pier.
1207 2113 1278 2161 neque

228 2167 260 2232 ql.
276 2172 342 2215 Rom.
359 2183 382 2216 et
396 2171 438 2214 Ed.
453 2171 582 2218 Mediolan.
597 2183 671 2219 monte
684 2191 720 2236 pr.
737 2175 819 2220 Ilamb.
836 2176 898 2238 qenti
913 2175 991 2236 bigot.
1003 2186 1026 2218 et
1040 2173 1110 2218 Goth.
1125 2183 1179 2218 tert.
1198 2171 1279 2216 montes

228 2241 272 2285 Ed.
289 2257 324 2302 pr.
341 2241 511 2302 1111111111.-
526 2243 575 2288 136.
585 2245 704 2306 Arpict'ens
714 2248 788 2307 Bigot.
807 2257 830 2292 et
848 2245 918 2292 Goth.
934 2257 987 2292 tert.
1001 2243 1118 2308 spectabat
1131 2241 1210 2304 vulgg.
1225 2253 1279 2286 ante

230 2313 325 2366 Heius,
336 2313 376 2374 qui
388 2313 534 2375 adspectabat
546 2317 635 2377 recepit
645 2333 673 2362 ex
684 2318 883 2379 praestantioribus
892 2319 939 2363 suls
951 2329 974 2363 et
987 2318 1107 2363 Pici-ienis.
1123 2313 1190 2359 Adde
1199 2315 1277 2357 Dona-

231 2393 280 2426 tum
295 2394 318 2428 et
332 2385 454 2428 Servium:
467 2385 507 2445 qui
522 2397 596 2440 amat,
611 2388 701 2449 inquit,
716 2393 828 2450 usurpare
842 2389 1018 2434 auctoritatem:
1033 2401 1087 2432 nam
1100 2385 1178 2447 potuit
1191 2390 1281 2446 specta-
1339 2441 1340 2450 .

231 2451 271 2496 bat
284 2451 370 2496 dicere.
384 2453 412 2496 ln
428 2452 490 2497 Gud.
507 2455 582 2498 latini
593 2457 617 2500 in
632 2456 702 2502 litura
717 2471 834 2504 exaratum
851 2471 912 2514 erat,
927 2458 990 2504 unde
1002 2458 1111 2503 Heinsius
1123 2466 1177 2500 ante
1193 2453 1278 2498 lectum
1339 2465 1340 2498 ζ

231 2522 329 2585 putabat
340 2523 456 2580 Latinam,
468 2524 507 2571 vel
517 2527 664 2573 Latinorum:
678 2529 715 2574 fac
725 2530 810 2586 fuisse,·
825 2543 874 2577 erat
882 2548 911 2578 ex
922 2547 1000 2577 errore
1014 2533 1045 2575 ita
1059 2531 1219 2590 scriptum-
1230 2523 1277 2580 141-

231 2601 322 2655 arrepta
331 2592 421 2656 aliquot
428 2594 492 2656 apud
499 2596 623 2642 Burmann.
635 2615 678 2660 pro
689 2599 826 2662 abrepta.-
835 2601 884 2658 141.
895 2603 926 2646 N.
939 2601 1019 2646 decens
1028 2598 1098 2644 Goth.
1109 2612 1156 2642 tec.
1165 2597 1278 2640 carissima

228 2665 298 2710 Rom.
313 2676 336 2711 et
350 2664 389 2710 alii
408 2665 468 2711 Pier.
487 2666 547 2712 Gud.
568 2680 590 2714 et
605 2685 641 2730 pr.
653 2671 737 2734 Menag
753 2706 759 2728 ‚
776 2672 817 2718 scd
829 2671 929 2718 alterum
946 2670 1037 2716 doctius
1056 2683 1104 2714 esse
1118 2664 1220 2713 videtur.
1234 2656 1280 2723 ἔμᾷ

232 2733 386 2798 nixique-plu
399 2732 473 2798 31μᾷ
486 2753 513 2782 ex
524 2737 590 2783 Iliad.
606 2755 629 2792 t,
643 2738 687 2795 243
697 2743 747 2803 jam
761 2743 854 2788 Servius
865 2741 1014 2802 compararit.
1030 2737 1095 2783 Idem
1111 2735 1194 2798 Odyss.
1205 2731 1229 2786 da
1242 2747 1276 2792 7¹·
1339 2735 1340 2740 ¹

232 2806 253 2851 0
266 2821 373 2869 qemeina
385 2804 440 2850 mihi
452 2815 520 2870 atque
535 2809 613 2853 eadem
626 2813 754 2872 qratissr'ma
768 2815 852 2874 conjux
864 2811 893 2857 de
904 2811 998 2856 Iunone
1009 2822 1061 2870 sup.
1076 2807 1108 2861 Χ,
1120 2804 1175 2866 607.
1190 2802 1220 2846 At
1232 2803 1279 2862 ipsa

233 2877 263 2923 acl
272 2879 353 2922 Jovem
365 2893 371 2921 :
383 2877 447 2933 VIII,
460 2877 504 2940 377
515 2883 630 2925 carlssr'me
640 2885 731 2944 conjux.
741 2907 773 2918 --
786 2881 836 2939 143.
850 2883 898 2927 Scis
908 2897 977 2925 unam
987 2881 1075 2924 cunctis
1084 2883 1111 2922 ut
1121 2883 1142 2920 te
1156 2872 1223 2919 Leid.
1234 2873 1279 2916 Scis

231 2951 408 2994 attrectaretis
421 2948 535 3000 Waddelr
543 2953 606 3013 conj.
622 2963 645 2997 et
656 2952 735 2998 Heius.
750 2953 836 2998 Iulum
851 2951 912 2997 Gud.
926 2967 940 2996 a
953 2966 984 2995 m.
996 2965 1033 3011 pr.

231 3080 345 3152 piditate
364 3082 504 3153 spectandi
521 3061 602 3135 dbi'no
621 3101 732 3156 egressae
777 3087 810 3137 tis
825 3083 950 3156 Nympha
964 3094 1019 3146 est,
1039 3081 1155 3152 quinon
1171 3077 1277 3147 longea

231 3163 353 3234 femina,
377 3165 453 3234 pueri
474 3177 501 3216 et
520 3181 615 3226 senes,
637 3163 732 3216 aedium
777 3165 894 3216 Numicii
909 3165 984 3214 fonte
1003 3161 1113 3223 aberat,
1133 3175 1166 3208 ex
1184 3155 1277 3206 montis

232 3255 304 3294 tecta
318 3256 343 3294 et
356 3261 444 3294 muros
458 3243 632 3296 adscendunt.
779 3243 879 3294 Albani
892 3241 1027 3294 radicibus
1037 3254 1208 3310 progressus,
1220 3251 1277 3284 mox

272 3323 328 3386 134.
342 3323 476 3383 Atreum·
490 3322 523 3372 de
540 3321 734 3388 famulabar,
780 3325 807 3374 in
825 3323 913 3374 lacum
931 3321 1063 3384 diffusus,
1080 3331 1107 3370 et
1123 3319 1152 3367 in
1164 3316 1277 3367 Tiberim

234 3419 288 3470 qua
306 3399 417 3452 deorum
436 3406 614 3454 interventum
632 3401 736 3453 orditur
781 3400 894 3452 delatus.
906 3400 1005 3451 Habita
1015 3396 1133 3470 nympha
1142 3398 1212 3446 inter
1219 3392 1278 3444 deas

232 3491 328 3549 poeta,
341 3497 365 3527 v.
379 3479 485 3532 Excurs.
499 3481 534 3532 ad
545 3481 592 3533 lib.
605 3483 656 3548 lx,
670 3481 732 3532 638.
779 3480 934 3532 Latinorum
948 3479 1096 3550 indigenas.
1111 3479 1152 3528 De
1167 3475 1276 3526 encouf.
1339 3531 1340 3538 7

232 3563 271 3612 De
291 3562 346 3628 ejus
363 3562 576 3631 prospectuhoc
594 3582 625 3615 ex
643 3574 733 3614 monte
779 3561 887 3611 Excurs.
904 3559 939 3610 lll
952 3571 1016 3610 extr.
1034 3556 1069 3608 ad
1082 3556 1129 3607 lib.
1143 3556 1200 3604 Vll.
1213 3554 1277 3604 Diva
1339 3551 1340 3614 f

233 3639 337 3690 Albano
346 3657 370 3688 v.
383 3635 477 3690 Excll
488 3641 522 3691 ad
533 3640 605 3692 hunc
617 3641 663 3692 lib.
673 3641 731 3694 llll.
778 3639 853 3690 deam
865 3638 892 3690 b.
904 3637 954 3689 dea
965 3633 1140 3702 deam,nibil
1153 3633 1275 3703 amplius:
1339 3661 1340 3666 =

232 3748 268 3758 —-
288 3712 343 3768 13'5.
365 3735 449 3787 neque
466 3737 581 3770 nomen.-
598 3739 661 3772 nam
680 3719 732 3772 hoc
777 3739 827 3772 nec
837 3719 1010 3771 Grammatici
1021 3713 1164 3780 audiendi,
1176 3715 1221 3782 qui
1230 3712 1277 3762 dis·

234 3796 340 3848 demum
358 3794 392 3845 ab
408 3795 477 3848 Alba
496 3798 604 3850 condita
619 3797 731 3850 habuit:
777 3801 910 3871 tinguunt.
931 3825 966 3837 —-
989 3797 1045 3862 141.
1068 3793 1199 3853 sacraria
1221 3811 1276 3843 ⁶¹¹¹ss

233 3891 317 3946 neque
332 3871 412 3925 bonos
420 3912 429 3938 ‚
448 3877 492 3945 qui
506 3895 554 3945 per
570 3879 650 3928 ferias
665 3879 734 3930 Lati·
777 3878 877 3931 dilectu
889 3880 1006 3950 positum
1018 3875 1146 3942 verbum,
1160 3892 1224 3944 pro,
1237 3873 1275 3922 de·

232 3973 280 4005 nas
299 3955 326 4006 in
344 3970 376 4003 eo
390 3951 484 4005 haberi
502 3955 594 4006 solitas
610 3960 731 4009 accessit.
777 3957 824 4008 dit.
835 3989 868 3998 -
881 3959 940 4024 141.
951 3957 1027 4006 decus
1031 3953 1183 4029 fluviorum
1194 3950 1275 4021 simpl.

233 4063 268 4074 -—
278 4035 334 4104 139.
343 4035 459 4087 Juturna
469 4036 578 4107 proprie
588 4036 666 4089 unius
675 4037 735 4089 fon·
777 4057 828 4111 pro
841 4055 973 4111 aquarum
984 4036 1108 4089 fontium.
1121 4063 1156 4075 ..-
1170 4031 1225 4102 144
1239 4032 1276 4084 44.
