2690 4596
433 322 655 388 canusa.
1001 323 1061 404 431

29 447 147 514 Urbem
158 449 272 538 i'ngens
284 446 432 525 flamme,
445 455 477 512 'et
488 468 601 510 muros
614 447 778 524 invaserat
788 446 886 528 altos3
1022 473 1066 505 ,ιο

28 559 246 648 fumabatque
257 557 339 624 rutis
351 556 462 622 miseri
474 555 576 644 patris
588 552 695 618 Ardea
706 554 815 635 tectis,
839 607 842 618 t

27 663 66 727 Et
76 681 141 729 tota
153 667 187 730 in
199 665 345 730 cinerem
356 660 528 750 vergebat,
541 676 573 724 et
585 675 671 724 astra
683 659 802 723 favillae
892 699 895 706 ·

27 767 169 834 Altivolae
181 768 376 859 implebant,
390 791 454 834 nec
463 789 539 856 spes
552 766 627 855 plus
639 766 705 830 ullu
718 761 841 862 salutis.

26 873 95 939 Sive
107 876 242 966 quidem
255 877 301 941 sic
314 876 371 940 Dis
384 873 542 962 placitum
554 889 617 952 est,
631 891 689 936 seu
702 865 837 960 praescia
849 874 956 940 Turni

27 979 156 1068 Signum
168 999 205 1047 ut
217 982 282 1047 fata
294 978 592 1046 dareutborrendo
604 982 710 1044 Marte
723 980 898 1068 perempti.
1025 997 1067 1042 215

68 1090 238 1179 Extemplo
250 1089 402 1156 concussi
413 1089 557 1168 animos,
570 1088 767 1176 turbataque
780 1089 868 1152 cives

28 1195 157 1262 Pectora
170 1195 353 1276 caedentes,
363 1193 558 1260 miserandae
571 1195 668 1260 sortis
680 1193 833 1283 iniquum

28 1300 196 1366 Deflebant
208 1324 336 1381 casum,
345 1273 517 1389 ‚lodgoque
531 1319 571 1365 ex
581 1298 701 1364 ordine
713 1317 835 1365 matres

26 1407 129 1496 Atque
140 1407 254 1473 avidos
267 1409 343 1472 totis
355 1406 527 1494 fugiebant
538 1405 663 1471 viribus
676 1408 779 1494 ignes.

26 1513 69 1576 Ac
80 1514 181 1578 veluti
194 1537 298 1603 quum
310 1513 403 1600 nigra
414 1511 536 1578 cohors
546 1532 689 1600 posuere
702 1511 764 1576 sub
776 1512 840 1576 alta
1025 1542 1069 1575 ωε

27 1617 162 1702 Arbore,
177 1637 210 1686 et
222 1622 256 1685 in
269 1621 344 1685 fissa
355 1618 465 1686 radice
479 1613 600 1685 cubilia
612 1619 714 1708 longo

27 1727 180 1792 Formicoe
193 1728 350 1792 instantes
364 1727 471 1815 operi,
486 1727 514 1792 si
526 1723 609 1792 dura
622 1714 746 1791 securis

27 1832 209 1914 Incumbet,
222 1856 386 1923 versoque
399 1833 555 1920 infringat
567 1831 713 1898 culmine
725 1854 842 1920 parvas

27 1937 113 2004 Saeva
124 1961 229 2019 casae,
242 1963 320 2004 mox
331 1940 481 2004 certatim
494 1961 565 2003 sese
577 1938 711 2026 agmine
721 1958 835 2025 sparso

27 2044 228 2136 Corripiunt,
241 2060 433 2134 moestaeque
446 2046 523 2132 fuga
536 2042 743 2132 trepidaeque
756 2043 928 2130 feruntur:
1027 2061 1071 2105 225

28 2225 92 2260 mur.
103 2211 133 2262 Δ.
145 2239 180 2250 -
193 2226 253 2262 210.
269 2209 365 2262 Urbem
378 2182 586 2286 inqensflnrnma
599 2221 649 2261 etc.
662 2209 738 2269 Hanc
753 2209 847 2260 urbem
859 2209 971 2262 Ovidius
984 2211 1073 2285 fingit,

28 2288 53 2338 in
64 2289 169 2340 ardeam
181 2307 256 2340 avem
267 2299 411 2355 mutatam,
424 2289 532 2341 Metam.
546 2289 615 2354 XIV,
628 2288 687 2357 573.
701 2319 736 2327 —
747 2306 776 2342 ar
785 2306 806 2339 1.
821 2290 892 2342 tectis
904 2291 975 2344 rutis.
990 2293 1021 2344 ld
1033 2305 1074 2346 est

27 2367 132 2438 dirutis,
148 2383 176 2423 et
188 2369 323 2421 dissolutis
336 2387 384 2441 per
396 2368 559 2422 incendium.
572 2369 613 2420 dn
629 2372 692 2421 satis
705 2369 831 2436 latinum,
847 2369 950 2422 dubito.
965 2403 999 2412 -
1013 2391 1073 2426 212.

23 2447 124 2517 fuviffoe
135 2448 267 2504 Aluvoloe.
279 2450 383 2502 Alludit
393 2451 427 2503 ad
437 2450 558 2503 fabulam
569 2471 576 2500 t
592 2470 654 2502 nam
665 2449 746 2502 ardea
756 2453 811 2504 avis
824 2451 929 2504 videtur
939 2454 977 2504 sic
987 2453 1073 2522 dicta,

28 2546 58 2579 eo
71 2531 143 2602 quod
153 2530 238 2582 ardua
247 2529 338 2582 volat:
353 2549 433 2602 quam
445 2543 569 2583 naturam
580 2530 687 2583 videtur
699 2549 773 2582 exeo
786 2533 943 2602 sumpsisse,
956 2533 1030 2603 quod
1042 2552 1074 2586 ex

29 2611 145 2664 scintillis
159 2622 186 2664 et
200 2611 298 2662 favillis
312 2612 404 2663 Ardeae
414 2612 528 2663 incensae
540 2611 613 2662 facta
623 2612 665 2662 sit.
679 2640 713 2649 —
726 2611 786 2677 214.
797 2611 857 2662 Sive
866 2613 972 2684 quidem
982 2613 1074 2668 sichs

25 2686 162 2756 placitum.
178 2689 262 2741 Moris
273 2699 312 2740 est
322 2687 476 2761 Virgiliani,
487 2691 591 2760 quoties
601 2707 684 2740 causa
693 2709 748 2740 non
758 2703 885 2760 apparet,
895 2693 933 2743 sic
942 2692 1033 2762 loqui,
1043 2707 1074 2744 ut

28 2767 54 2817 iu
65 2769 198 2840 principio
209 2767 270 2818 libri
278 2768 323 2817 lll.
336 2766 439 2820 AEneid.

41 2893 43 2900 ·
131 2877 277 2945 Postquam
289 2891 332 2924 ros
343 2873 426 2939 Asiae,
439 2874 591 2944 Priamique
603 2886 721 2928 evertere
733 2885 839 2944 gentem

131 2955 309 3017 Immeritam,
322 2952 406 3004 vuum
416 2953 524 3025 superis.

27 3095 61 3104 -
73 3066 132 3120 215.
147 3068 261 3140 Siquam
274 3076 305 3117 ut
309 3065 374 3136 sata
385 3067 485 3119 darent.
499 3067 601 3120 Alludit
614 3068 649 3122 ad
659 3069 728 3120 illud
739 3068 813 3140 quod
825 3070 859 3125 de
870 3073 995 3125 Evandro
1008 3074 1075 3127 dici·
1126 3141 1129 3148 .

28 3149 108 3199 turin
120 3147 227 3200 decimo
238 3144 378 3211 AEneidos,
391 3145 460 3212 843:

133 3263 250 3336 Agnovit
261 3262 340 3334 longe
352 3264 480 3334 gemitum
491 3281 610 3336 praesaga
622 3263 685 3315 mali
697 3283 779 3318 mens.
839 3311 842 3317 ..

40 3427 42 3432 ,
62 3391 122 3430 tao.
135 3377 176 3430 Ac
183 3375 267 3430 veluti
279 3394 364 3450 quum
376 3377 452 3450 niqra
460 3377 557 3430 οοΙιοπ.
569 3377 612 3430 Sic
624 3379 734 3445 Ennius,
742 3379 815 3451 quod
827 3391 854 3433 et
866 3381 942 3433 Maro
955 3384 1073 3439 imitatus

27 3470 82 3520 ast,
97 3457 126 3510 lt
140 3456 251 3528 nigrum
262 3456 362 3528 campis
377 3474 481 3528 cymen.
499 3458 555 3509 Nec
571 3457 641 3508 male
654 3458 689 3524 ad
705 3477 762 3511 rem
778 3462 944 3532 comparatio
956 3483 962 3512 :
976 3481 1039 3515 nam
1051 3465 1074 3518 si

25 3536 172 3590 cavernula
182 3535 356 3587 formicarum
368 3547 490 3600 eruatur,
505 3555 597 3589 ornnes
609 3539 756 3591 sarcinulas
768 3558 833 3610 quas
846 3549 958 3613 quaeque
971 3556 1072 3614 potest,

27 3615 171 3688 colligunt;
181 3612 253 3666 unde
263 3633 322 3665 eam
331 3616 422 3679 Maro,
433 3617 460 3666 in
472 3617 529 3668 AEn.
536 3616 582 3668 lib.
589 3617 634 3684 IV,
641 3619 703 3687 dos,
713 3617 748 3670 ad
757 3621 967 3690 profectionem,
978 3637 1024 3678 aut
1032 3627 1075 3678 fu·

26 3714 86 3766 gam
98 3695 291 3764 Trojanorum‚
302 3695 340 3746 sic
351 3695 478 3746 transfert
489 3716 496 3746 ι

133 3801 280 3873 Migrantes
293 3819 401 3869 cernas,
413 3815 523 3874 totaque
535 3823 567 3858 ex
578 3805 645 3857 urbe
657 3819 774 3860 ruentes.

134 3883 176 3933 Ac
187 3882 269 3934 veluti
280 3883 415 3954 ingentem
428 3885 546 3937 formicae
557 3887 636 3938 farris
650 3905 775 3940 acervum

132 3971 223 4038 Quum
234 3972 366 4044 populant
378 3972 478 4046 hyemis
491 3994 636 4044 memores,
649 3989 774 4050 tectoque
787 3991 934 4051 reponunt,

134 4051 159 4102 lt
170 4047 276 4124 nigrum
288 4054 390 4126 campis
403 4073 498 4128 agmen
508 4066 555 4110 etc.
