<?xml version="1.0" encoding="UTF-8"?>
<!DOCTYPE html PUBLIC "-//W3C//DTD XHTML 1.0 Transitional//EN"
    "http://www.w3.org/TR/xhtml1/DTD/xhtml1-transitional.dtd">
<html xmlns="http://www.w3.org/1999/xhtml" xml:lang="en" lang="en">
 <head>
  <title>
</title>
<meta http-equiv="Content-Type" content="text/html;charset=utf-8" />
  <meta name='ocr-system' content='tesseract 3.04.00' />
  <meta name='ocr-capabilities' content='ocr_page ocr_carea ocr_par ocr_line ocrx_word'/>
</head>
<body>
  <div class='ocr_page' id='page_1' title='image "./pvirgiliusmaroq03barbgoog_0411.png"; bbox 0 0 2690 4596; ppageno 0'>
   <div class='ocr_carea' id='block_1_1' title="bbox 375 287 1092 387">
    <p class='ocr_par' dir='ltr' id='par_1_1' title="bbox 375 287 1092 387">
     <span class='ocr_line' id='line_1_1' title="bbox 375 287 1092 387; baseline -0.003 -35"><span class='ocrx_word' id='word_1_1' title='bbox 375 288 441 352; x_wconf 89' lang='lat' dir='ltr'>AD</span> <span class='ocrx_word' id='word_1_2' title='bbox 465 287 666 352; x_wconf 86' lang='lat' dir='ltr'>LIBRUM</span> <span class='ocrx_word' id='word_1_3' title='bbox 687 288 776 353; x_wconf 90' lang='lat' dir='ltr'>XII.</span> <span class='ocrx_word' id='word_1_4' title='bbox 1029 299 1092 387; x_wconf 82' lang='lat'>399</span> 
     </span>
    </p>
   </div>
   <div class='ocr_carea' id='block_1_2' title="bbox 38 411 1172 2555">
    <p class='ocr_par' dir='ltr' id='par_1_2' title="bbox 38 411 1172 2555">
     <span class='ocr_line' id='line_1_2' title="bbox 51 411 1092 484; baseline 0.013 -20"><span class='ocrx_word' id='word_1_5' title='bbox 51 431 103 465; x_wconf 87' lang='lat' dir='ltr'>nec</span> <span class='ocrx_word' id='word_1_6' title='bbox 121 414 172 464; x_wconf 84' lang='lat' dir='ltr'>nisi</span> <span class='ocrx_word' id='word_1_7' title='bbox 192 413 294 484; x_wconf 86' lang='lat' dir='ltr'>inipso</span> <span class='ocrx_word' id='word_1_8' title='bbox 312 411 394 466; x_wconf 80' lang='lat' dir='ltr'>ltaliae</span> <span class='ocrx_word' id='word_1_9' title='bbox 413 411 488 466; x_wconf 88' lang='lat' dir='ltr'>aditu</span> <span class='ocrx_word' id='word_1_10' title='bbox 507 425 533 464; x_wconf 89' lang='lat' dir='ltr'>et</span> <span class='ocrx_word' id='word_1_11' title='bbox 550 411 613 464; x_wconf 87' lang='lat' dir='ltr'>sede</span> <span class='ocrx_word' id='word_1_12' title='bbox 632 426 763 484; x_wconf 87' lang='lat' dir='ltr'>occupata</span> <span class='ocrx_word' id='word_1_13' title='bbox 781 416 966 472; x_wconf 81' lang='lat' dir='ltr'>vaticiniorum</span> <span class='ocrx_word' id='word_1_14' title='bbox 983 436 1092 478; x_wconf 88' lang='lat' dir='ltr'>eventus</span> 
     </span>
     <span class='ocr_line' id='line_1_3' title="bbox 50 490 1094 567; baseline 0.013 -25"><span class='ocrx_word' id='word_1_15' title='bbox 50 490 131 562; x_wconf 83' lang='lat' dir='ltr'>plene</span> <span class='ocrx_word' id='word_1_16' title='bbox 141 491 280 563; x_wconf 87' lang='lat' dir='ltr'>explicitus</span> <span class='ocrx_word' id='word_1_17' title='bbox 293 509 349 544; x_wconf 84' lang='lat' dir='ltr'>esse</span> <span class='ocrx_word' id='word_1_18' title='bbox 361 491 445 544; x_wconf 83' lang='lat' dir='ltr'>videri</span> <span class='ocrx_word' id='word_1_19' title='bbox 456 490 577 544; x_wconf 84' lang='lat' dir='ltr'>debebat.</span> <span class='ocrx_word' id='word_1_20' title='bbox 591 493 651 544; x_wconf 84' lang='lat' dir='ltr'>Jarn</span> <span class='ocrx_word' id='word_1_21' title='bbox 663 506 751 546; x_wconf 88' lang='lat' dir='ltr'>autem</span> <span class='ocrx_word' id='word_1_22' title='bbox 764 495 949 567; x_wconf 87' lang='lat' dir='ltr'>interpositum</span> <span class='ocrx_word' id='word_1_23' title='bbox 962 513 1001 552; x_wconf 90' lang='lat' dir='ltr'>est</span> <span class='ocrx_word' id='word_1_24' title='bbox 1011 521 1094 556; x_wconf 90' lang='lat' dir='ltr'>uuum</span> 
     </span>
     <span class='ocr_line' id='line_1_4' title="bbox 51 571 1113 656; baseline 0.008 -37"><span class='ocrx_word' id='word_1_25' title='bbox 51 571 210 637; x_wconf 88' lang='lat' dir='ltr'>oraculum,</span> <span class='ocrx_word' id='word_1_26' title='bbox 224 589 277 642; x_wconf 91' lang='lat' dir='ltr'>quo</span> <span class='ocrx_word' id='word_1_27' title='bbox 289 574 435 637; x_wconf 85' lang='lat' dir='ltr'>maturius,</span> <span class='ocrx_word' id='word_1_28' title='bbox 448 591 529 643; x_wconf 89' lang='lat' dir='ltr'>quam</span> <span class='ocrx_word' id='word_1_29' title='bbox 538 590 590 643; x_wconf 88' lang='lat' dir='ltr'>par</span> <span class='ocrx_word' id='word_1_30' title='bbox 600 584 673 638; x_wconf 88' lang='lat' dir='ltr'>erat,</span> <span class='ocrx_word' id='word_1_31' title='bbox 685 575 807 643; x_wconf 86' lang='lat' dir='ltr'>Trojanis</span> <span class='ocrx_word' id='word_1_32' title='bbox 817 575 850 628; x_wconf 88' lang='lat' dir='ltr'>de</span> <span class='ocrx_word' id='word_1_33' title='bbox 862 576 925 630; x_wconf 89' lang='lat' dir='ltr'>sede</span> <span class='ocrx_word' id='word_1_34' title='bbox 934 598 1018 646; x_wconf 81' lang='lat' dir='ltr'>nova,</span> <span class='ocrx_word' id='word_1_35' title='bbox 1030 582 1095 656; x_wconf 59' lang='lat' dir='ltr'>qui.</span> <span class='ocrx_word' id='word_1_36' title='bbox 1111 613 1113 622; x_wconf 51' lang='lat'>1</span> 
     </span>
     <span class='ocr_line' id='line_1_5' title="bbox 49 649 1094 733; baseline 0.011 -31"><span class='ocrx_word' id='word_1_37' title='bbox 49 650 82 702; x_wconf 84' lang='lat' dir='ltr'>tis</span> <span class='ocrx_word' id='word_1_38' title='bbox 95 649 142 706; x_wconf 84' lang='lat' dir='ltr'>illa</span> <span class='ocrx_word' id='word_1_39' title='bbox 159 654 250 706; x_wconf 84' lang='lat' dir='ltr'>futura</span> <span class='ocrx_word' id='word_1_40' title='bbox 267 665 353 720; x_wconf 88' lang='lat' dir='ltr'>esset,</span> <span class='ocrx_word' id='word_1_41' title='bbox 365 665 488 705; x_wconf 81' lang='lat' dir='ltr'>constare</span> <span class='ocrx_word' id='word_1_42' title='bbox 505 651 613 714; x_wconf 77' lang='lat' dir='ltr'>debuit,</span> <span class='ocrx_word' id='word_1_43' title='bbox 632 653 750 733; x_wconf 53' lang='lat' dir='ltr'>dransae,</span> <span class='ocrx_word' id='word_1_44' title='bbox 763 657 885 726; x_wconf 83' lang='lat' dir='ltr'>inquam,</span> <span class='ocrx_word' id='word_1_45' title='bbox 898 663 1029 716; x_wconf 87' lang='lat' dir='ltr'>monitum</span> <span class='ocrx_word' id='word_1_46' title='bbox 1044 668 1094 720; x_wconf 84' lang='lat' dir='ltr'>sub</span> 
     </span>
     <span class='ocr_line' id='line_1_6' title="bbox 49 731 1095 816; baseline 0.008 -36"><span class='ocrx_word' id='word_1_47' title='bbox 49 731 140 802; x_wconf 85' lang='lat' dir='ltr'>ipsum</span> <span class='ocrx_word' id='word_1_48' title='bbox 152 731 296 786; x_wconf 79' lang='lat' dir='ltr'>discessum</span> <span class='ocrx_word' id='word_1_49' title='bbox 308 752 339 786; x_wconf 87' lang='lat' dir='ltr'>ex</span> <span class='ocrx_word' id='word_1_50' title='bbox 348 732 482 804; x_wconf 83' lang='lat' dir='ltr'>Trojalib.</span> <span class='ocrx_word' id='word_1_51' title='bbox 494 733 535 798; x_wconf 74' lang='lat'>11,</span> <span class='ocrx_word' id='word_1_52' title='bbox 550 733 610 801; x_wconf 85' lang='lat'><strong>780.</strong></span> <span class='ocrx_word' id='word_1_53' title='bbox 624 734 684 804; x_wconf 85' lang='lat'>781.</span> <span class='ocrx_word' id='word_1_54' title='bbox 701 733 761 803; x_wconf 84' lang='lat'><em>782.</em></span> <span class='ocrx_word' id='word_1_55' title='bbox 778 735 847 804; x_wconf 84' lang='lat'>783,</span> <span class='ocrx_word' id='word_1_56' title='bbox 865 738 938 809; x_wconf 88' lang='lat' dir='ltr'>quod</span> <span class='ocrx_word' id='word_1_57' title='bbox 949 745 998 794; x_wconf 86' lang='lat' dir='ltr'>etsi</span> <span class='ocrx_word' id='word_1_58' title='bbox 1011 763 1095 816; x_wconf 69' lang='lat' dir='ltr'>quan.</span> 
     </span>
     <span class='ocr_line' id='line_1_7' title="bbox 49 810 1094 890; baseline 0.017 -32"><span class='ocrx_word' id='word_1_59' title='bbox 49 821 109 860; x_wconf 90' lang='lat' dir='ltr'>tum</span> <span class='ocrx_word' id='word_1_60' title='bbox 120 810 195 864; x_wconf 89' lang='lat' dir='ltr'>licuit</span> <span class='ocrx_word' id='word_1_61' title='bbox 206 821 361 866; x_wconf 82' lang='lat' dir='ltr'>e&#39;xcusatum</span> <span class='ocrx_word' id='word_1_62' title='bbox 372 811 435 864; x_wconf 89' lang='lat' dir='ltr'>dedi</span> <span class='ocrx_word' id='word_1_63' title='bbox 445 813 507 864; x_wconf 82' lang='lat' dir='ltr'>Ero.</span> <span class='ocrx_word' id='word_1_64' title='bbox 522 813 571 864; x_wconf 85' lang='lat' dir='ltr'>XV</span> <span class='ocrx_word' id='word_1_65' title='bbox 583 812 619 864; x_wconf 89' lang='lat' dir='ltr'>ad</span> <span class='ocrx_word' id='word_1_66' title='bbox 632 811 679 864; x_wconf 84' lang='lat' dir='ltr'>lib.</span> <span class='ocrx_word' id='word_1_67' title='bbox 690 813 714 863; x_wconf 90' lang='lat'>11</span> <span class='ocrx_word' id='word_1_68' title='bbox 726 825 753 864; x_wconf 92' lang='lat' dir='ltr'>et</span> <span class='ocrx_word' id='word_1_69' title='bbox 767 813 884 884; x_wconf 86' lang='lat' dir='ltr'>Disquis.</span> <span class='ocrx_word' id='word_1_70' title='bbox 900 817 941 884; x_wconf 87' lang='lat'>11,</span> <span class='ocrx_word' id='word_1_71' title='bbox 958 838 985 890; x_wconf 87' lang='lat' dir='ltr'>p.</span> <span class='ocrx_word' id='word_1_72' title='bbox 999 823 1094 890; x_wconf 88' lang='lat' dir='ltr'>LXJV,</span> 
     </span>
     <span class='ocr_line' id='line_1_8' title="bbox 49 891 1094 968; baseline 0.015 -26"><span class='ocrx_word' id='word_1_73' title='bbox 49 891 138 959; x_wconf 85' lang='lat' dir='ltr'>LXV,</span> <span class='ocrx_word' id='word_1_74' title='bbox 149 893 240 952; x_wconf 87' lang='lat' dir='ltr'>malim</span> <span class='ocrx_word' id='word_1_75' title='bbox 252 907 341 946; x_wconf 84' lang='lat' dir='ltr'>tamen</span> <span class='ocrx_word' id='word_1_76' title='bbox 356 893 424 946; x_wconf 90' lang='lat' dir='ltr'>illud</span> <span class='ocrx_word' id='word_1_77' title='bbox 441 893 592 947; x_wconf 83' lang='lat' dir='ltr'>sublatum:</span> <span class='ocrx_word' id='word_1_78' title='bbox 611 911 643 946; x_wconf 90' lang='lat' dir='ltr'>eo</span> <span class='ocrx_word' id='word_1_79' title='bbox 660 895 731 946; x_wconf 89' lang='lat' dir='ltr'>enim</span> <span class='ocrx_word' id='word_1_80' title='bbox 748 911 838 947; x_wconf 88' lang='lat' dir='ltr'>omnes</span> <span class='ocrx_word' id='word_1_81' title='bbox 854 896 962 968; x_wconf 82' lang='lat' dir='ltr'>reliquae</span> <span class='ocrx_word' id='word_1_82' title='bbox 978 905 1094 958; x_wconf 85' lang='lat' dir='ltr'>rationes</span> 
     </span>
     <span class='ocr_line' id='line_1_9' title="bbox 50 967 1097 1046; baseline 0.013 -28"><span class='ocrx_word' id='word_1_83' title='bbox 50 968 209 1038; x_wconf 78' lang='lat' dir='ltr'>turbantur,</span> <span class='ocrx_word' id='word_1_84' title='bbox 222 974 327 1044; x_wconf 88' lang='lat' dir='ltr'>quoties</span> <span class='ocrx_word' id='word_1_85' title='bbox 340 971 491 1024; x_wconf 73' lang='lat' dir='ltr'>accuratius</span> <span class='ocrx_word' id='word_1_86' title='bbox 508 971 536 1022; x_wconf 89' lang='lat' dir='ltr'>in</span> <span class='ocrx_word' id='word_1_87' title='bbox 548 967 604 1022; x_wconf 88' lang='lat' dir='ltr'>haec</span> <span class='ocrx_word' id='word_1_88' title='bbox 620 971 748 1040; x_wconf 84' lang='lat' dir='ltr'>inquiras.</span> <span class='ocrx_word' id='word_1_89' title='bbox 766 970 833 1024; x_wconf 88' lang='lat' dir='ltr'>Sane</span> <span class='ocrx_word' id='word_1_90' title='bbox 849 975 983 1046; x_wconf 72' lang='lat' dir='ltr'>Hesperie</span> <span class='ocrx_word' id='word_1_91' title='bbox 999 998 1097 1035; x_wconf 88' lang='lat' dir='ltr'>nomen</span> 
     </span>
     <span class='ocr_line' id='line_1_10' title="bbox 49 1047 1096 1133; baseline 0.015 -35"><span class='ocrx_word' id='word_1_92' title='bbox 49 1047 122 1101; x_wconf 91' lang='lat' dir='ltr'>bene</span> <span class='ocrx_word' id='word_1_93' title='bbox 134 1052 310 1106; x_wconf 84' lang='lat' dir='ltr'>conveniebat</span> <span class='ocrx_word' id='word_1_94' title='bbox 320 1052 470 1118; x_wconf 85' lang='lat' dir='ltr'>vaticiniis,</span> <span class='ocrx_word' id='word_1_95' title='bbox 487 1049 597 1122; x_wconf 90' lang='lat' dir='ltr'>quando</span> <span class='ocrx_word' id='word_1_96' title='bbox 611 1050 785 1104; x_wconf 85' lang='lat' dir='ltr'>occidentalis</span> <span class='ocrx_word' id='word_1_97' title='bbox 797 1055 870 1126; x_wconf 78' lang='lat' dir='ltr'>regio</span> <span class='ocrx_word' id='word_1_98' title='bbox 882 1058 1096 1133; x_wconf 80' lang='lat' dir='ltr'>significabatur,</span> 
     </span>
     <span class='ocr_line' id='line_1_11' title="bbox 52 1127 1096 1204; baseline 0.015 -26"><span class='ocrx_word' id='word_1_99' title='bbox 52 1144 111 1196; x_wconf 83' lang='lat' dir='ltr'>quae</span> <span class='ocrx_word' id='word_1_100' title='bbox 126 1127 175 1182; x_wconf 88' lang='lat' dir='ltr'>illa</span> <span class='ocrx_word' id='word_1_101' title='bbox 189 1144 265 1185; x_wconf 82' lang='lat' dir='ltr'>aetate</span> <span class='ocrx_word' id='word_1_102' title='bbox 283 1134 354 1186; x_wconf 88' lang='lat' dir='ltr'>iuter</span> <span class='ocrx_word' id='word_1_103' title='bbox 369 1131 517 1204; x_wconf 80' lang='lat' dir='ltr'>incognitas</span> <span class='ocrx_word' id='word_1_104' title='bbox 537 1143 621 1184; x_wconf 84' lang='lat' dir='ltr'>terres</span> <span class='ocrx_word' id='word_1_105' title='bbox 636 1129 789 1183; x_wconf 85' lang='lat' dir='ltr'>habebatur</span> <span class='ocrx_word' id='word_1_106' title='bbox 807 1151 824 1184; x_wconf 91' lang='lat' dir='ltr'>a</span> <span class='ocrx_word' id='word_1_107' title='bbox 838 1132 944 1187; x_wconf 86' lang='lat' dir='ltr'>Graecis.</span> <span class='ocrx_word' id='word_1_108' title='bbox 962 1139 1096 1194; x_wconf 81' lang='lat' dir='ltr'>Hactenus</span> 
     </span>
     <span class='ocr_line' id='line_1_12' title="bbox 49 1204 1097 1287; baseline 0.007 -31"><span class='ocrx_word' id='word_1_109' title='bbox 49 1204 121 1260; x_wconf 92' lang='lat' dir='ltr'>bene</span> <span class='ocrx_word' id='word_1_110' title='bbox 132 1229 138 1258; x_wconf 89' lang='lat'>:</span> <span class='ocrx_word' id='word_1_111' title='bbox 151 1209 196 1262; x_wconf 85' lang='lat' dir='ltr'>Ad</span> <span class='ocrx_word' id='word_1_112' title='bbox 207 1223 301 1264; x_wconf 87' lang='lat' dir='ltr'>terram</span> <span class='ocrx_word' id='word_1_113' title='bbox 312 1211 466 1283; x_wconf 84' lang='lat' dir='ltr'>Hesperiam</span> <span class='ocrx_word' id='word_1_114' title='bbox 483 1209 569 1262; x_wconf 82' lang='lat' dir='ltr'>uenies</span> <span class='ocrx_word' id='word_1_115' title='bbox 575 1221 625 1271; x_wconf 48' lang='lat' dir='ltr'>‚set</span> <span class='ocrx_word' id='word_1_116' title='bbox 637 1208 785 1262; x_wconf 84' lang='lat' dir='ltr'>condonari</span> <span class='ocrx_word' id='word_1_117' title='bbox 801 1223 922 1281; x_wconf 82' lang='lat' dir='ltr'>poterat,</span> <span class='ocrx_word' id='word_1_118' title='bbox 939 1217 962 1268; x_wconf 91' lang='lat' dir='ltr'>si</span> <span class='ocrx_word' id='word_1_119' title='bbox 976 1234 1097 1287; x_wconf 84' lang='lat' dir='ltr'>quacun.</span> 
     </span>
     <span class='ocr_line' id='line_1_13' title="bbox 53 1286 1097 1360; baseline 0.015 -24"><span class='ocrx_word' id='word_1_120' title='bbox 53 1301 105 1354; x_wconf 89' lang='lat' dir='ltr'>quc</span> <span class='ocrx_word' id='word_1_121' title='bbox 117 1287 146 1338; x_wconf 90' lang='lat' dir='ltr'>in</span> <span class='ocrx_word' id='word_1_122' title='bbox 158 1300 229 1343; x_wconf 84' lang='lat' dir='ltr'>terra</span> <span class='ocrx_word' id='word_1_123' title='bbox 245 1290 281 1346; x_wconf 85' lang='lat' dir='ltr'>ad</span> <span class='ocrx_word' id='word_1_124' title='bbox 297 1289 463 1344; x_wconf 88' lang='lat' dir='ltr'>occidentem</span> <span class='ocrx_word' id='word_1_125' title='bbox 482 1291 534 1346; x_wconf 89' lang='lat' dir='ltr'>sita</span> <span class='ocrx_word' id='word_1_126' title='bbox 550 1287 626 1341; x_wconf 89' lang='lat' dir='ltr'>sedes</span> <span class='ocrx_word' id='word_1_127' title='bbox 643 1286 724 1360; x_wconf 77' lang='lat' dir='ltr'>figere</span> <span class='ocrx_word' id='word_1_128' title='bbox 739 1288 877 1342; x_wconf 73' lang='lat' dir='ltr'>volebant.</span> <span class='ocrx_word' id='word_1_129' title='bbox 893 1292 976 1345; x_wconf 94' lang='lat' dir='ltr'>Modo</span> <span class='ocrx_word' id='word_1_130' title='bbox 993 1297 1097 1352; x_wconf 88' lang='lat' dir='ltr'>Tiberis</span> 
     </span>
     <span class='ocr_line' id='line_1_14' title="bbox 51 1368 1097 1444; baseline 0.006 -20"><span class='ocrx_word' id='word_1_131' title='bbox 51 1370 210 1424; x_wconf 79' lang='lat' dir='ltr'>memoratio</span> <span class='ocrx_word' id='word_1_132' title='bbox 222 1370 297 1422; x_wconf 86' lang='lat' dir='ltr'>nullu</span> <span class='ocrx_word' id='word_1_133' title='bbox 307 1371 379 1422; x_wconf 81' lang='lat' dir='ltr'>iacta</span> <span class='ocrx_word' id='word_1_134' title='bbox 391 1373 475 1424; x_wconf 87' lang='lat' dir='ltr'>esset!</span> <span class='ocrx_word' id='word_1_135' title='bbox 493 1371 533 1421; x_wconf 89' lang='lat' dir='ltr'>Ita</span> <span class='ocrx_word' id='word_1_136' title='bbox 545 1380 617 1431; x_wconf 84' lang='lat' dir='ltr'>recte</span> <span class='ocrx_word' id='word_1_137' title='bbox 634 1386 696 1420; x_wconf 87' lang='lat' dir='ltr'>mox</span> <span class='ocrx_word' id='word_1_138' title='bbox 710 1369 737 1420; x_wconf 92' lang='lat' dir='ltr'>in</span> <span class='ocrx_word' id='word_1_139' title='bbox 749 1368 829 1421; x_wconf 89' lang='lat' dir='ltr'>Creta</span> <span class='ocrx_word' id='word_1_140' title='bbox 847 1368 881 1422; x_wconf 89' lang='lat' dir='ltr'>de</span> <span class='ocrx_word' id='word_1_141' title='bbox 898 1372 1027 1444; x_wconf 85' lang='lat' dir='ltr'>Hesperia</span> <span class='ocrx_word' id='word_1_142' title='bbox 1039 1397 1097 1430; x_wconf 88' lang='lat' dir='ltr'>ma-</span> 
     </span>
     <span class='ocr_line' id='line_1_15' title="bbox 51 1446 1098 1522; baseline 0.011 -26"><span class='ocrx_word' id='word_1_143' title='bbox 51 1446 175 1501; x_wconf 83' lang='lat' dir='ltr'>nifestius</span> <span class='ocrx_word' id='word_1_144' title='bbox 184 1449 218 1503; x_wconf 88' lang='lat' dir='ltr'>de</span> <span class='ocrx_word' id='word_1_145' title='bbox 229 1450 307 1504; x_wconf 84' lang='lat' dir='ltr'>Italia</span> <span class='ocrx_word' id='word_1_146' title='bbox 315 1450 372 1504; x_wconf 85' lang='lat' dir='ltr'>fieri</span> <span class='ocrx_word' id='word_1_147' title='bbox 382 1462 506 1522; x_wconf 84' lang='lat' dir='ltr'>poterat:</span> <span class='ocrx_word' id='word_1_148' title='bbox 520 1450 570 1516; x_wconf 89' lang='lat'>111,</span> <span class='ocrx_word' id='word_1_149' title='bbox 584 1447 631 1501; x_wconf 81' lang='lat'>163</span> <span class='ocrx_word' id='word_1_150' title='bbox 642 1465 698 1520; x_wconf 88' lang='lat' dir='ltr'>seq.</span> <span class='ocrx_word' id='word_1_151' title='bbox 706 1448 755 1500; x_wconf 84' lang='lat' dir='ltr'>Est</span> <span class='ocrx_word' id='word_1_152' title='bbox 763 1446 848 1510; x_wconf 77' lang='lat' dir='ltr'>doctu,</span> <span class='ocrx_word' id='word_1_153' title='bbox 856 1451 1010 1522; x_wconf 71' lang='lat' dir='ltr'>Hesperiam</span> <span class='ocrx_word' id='word_1_154' title='bbox 1022 1457 1098 1510; x_wconf 88' lang='lat' dir='ltr'>Graii</span> 
     </span>
     <span class='ocr_line' id='line_1_16' title="bbox 52 1526 1097 1599; baseline 0.015 -24"><span class='ocrx_word' id='word_1_155' title='bbox 52 1528 208 1597; x_wconf 71' lang='lat' dir='ltr'>copuomiue</span> <span class='ocrx_word' id='word_1_156' title='bbox 219 1527 326 1582; x_wconf 83' lang='lat' dir='ltr'>dicunt:</span> <span class='ocrx_word' id='word_1_157' title='bbox 341 1565 377 1581; x_wconf 90' lang='lat'>....</span> <span class='ocrx_word' id='word_1_158' title='bbox 386 1528 500 1581; x_wconf 82' lang='lat' dir='ltr'>OEnotri</span> <span class='ocrx_word' id='word_1_159' title='bbox 511 1526 615 1579; x_wconf 85' lang='lat' dir='ltr'>coluere</span> <span class='ocrx_word' id='word_1_160' title='bbox 626 1527 693 1593; x_wconf 85' lang='lat' dir='ltr'>uiri,·</span> <span class='ocrx_word' id='word_1_161' title='bbox 706 1540 822 1599; x_wconf 88' lang='lat' dir='ltr'>etquum</span> <span class='ocrx_word' id='word_1_162' title='bbox 835 1528 868 1581; x_wconf 89' lang='lat' dir='ltr'>de</span> <span class='ocrx_word' id='word_1_163' title='bbox 878 1534 1007 1586; x_wconf 82' lang='lat' dir='ltr'>exteriore</span> <span class='ocrx_word' id='word_1_164' title='bbox 1020 1536 1097 1592; x_wconf 82' lang='lat' dir='ltr'>Italia</span> 
     </span>
     <span class='ocr_line' id='line_1_17' title="bbox 49 1601 1095 1678; baseline 0.011 -25"><span class='ocrx_word' id='word_1_165' title='bbox 49 1601 104 1654; x_wconf 90' lang='lat' dir='ltr'>hoc</span> <span class='ocrx_word' id='word_1_166' title='bbox 116 1607 203 1677; x_wconf 83' lang='lat' dir='ltr'>accipi</span> <span class='ocrx_word' id='word_1_167' title='bbox 215 1620 320 1677; x_wconf 87' lang='lat' dir='ltr'>posset,</span> <span class='ocrx_word' id='word_1_168' title='bbox 336 1627 398 1660; x_wconf 81' lang='lat' dir='ltr'>mox</span> <span class='ocrx_word' id='word_1_169' title='bbox 411 1607 446 1678; x_wconf 77' lang='lat' dir='ltr'>ad</span> <span class='ocrx_word' id='word_1_170' title='bbox 460 1608 614 1660; x_wconf 87' lang='lat' dir='ltr'>interiorem</span> <span class='ocrx_word' id='word_1_171' title='bbox 625 1605 729 1665; x_wconf 82' lang='lat' dir='ltr'>ltaliam</span> <span class='ocrx_word' id='word_1_172' title='bbox 743 1609 848 1660; x_wconf 89' lang='lat' dir='ltr'>avocati</span> <span class='ocrx_word' id='word_1_173' title='bbox 864 1623 926 1662; x_wconf 90' lang='lat' dir='ltr'>sunt</span> <span class='ocrx_word' id='word_1_174' title='bbox 942 1612 976 1664; x_wconf 88' lang='lat' dir='ltr'>ab</span> <span class='ocrx_word' id='word_1_175' title='bbox 993 1615 1095 1670; x_wconf 81' lang='lat' dir='ltr'>Heleno</span> 
     </span>
     <span class='ocr_line' id='line_1_18' title="bbox 51 1685 1115 1759; baseline 0.002 -21"><span class='ocrx_word' id='word_1_176' title='bbox 51 1685 154 1738; x_wconf 83' lang='lat' dir='ltr'>AEneid.</span> <span class='ocrx_word' id='word_1_177' title='bbox 168 1687 215 1738; x_wconf 87' lang='lat' dir='ltr'>lib.</span> <span class='ocrx_word' id='word_1_178' title='bbox 228 1688 343 1756; x_wconf 84' lang='lat'>111‚381</span> <span class='ocrx_word' id='word_1_179' title='bbox 356 1707 411 1759; x_wconf 88' lang='lat' dir='ltr'>seq.</span> <span class='ocrx_word' id='word_1_180' title='bbox 425 1687 485 1740; x_wconf 80' lang='lat' dir='ltr'>vid.</span> <span class='ocrx_word' id='word_1_181' title='bbox 498 1689 614 1758; x_wconf 83' lang='lat' dir='ltr'>Disquis.</span> <span class='ocrx_word' id='word_1_182' title='bbox 628 1689 668 1753; x_wconf 85' lang='lat'>11,</span> <span class='ocrx_word' id='word_1_183' title='bbox 681 1706 702 1739; x_wconf 86' lang='lat' dir='ltr'>s.</span> <span class='ocrx_word' id='word_1_184' title='bbox 716 1688 741 1740; x_wconf 89' lang='grc'>6.</span> <span class='ocrx_word' id='word_1_185' title='bbox 1032 1701 1034 1707; x_wconf 83' lang='grc'>’</span> <span class='ocrx_word' id='word_1_186' title='bbox 1114 1749 1115 1754; x_wconf 13' lang='lat'>¹</span> 
     </span>
     <span class='ocr_line' id='line_1_19' title="bbox 86 1767 1096 1844; baseline 0.002 -25"><span class='ocrx_word' id='word_1_187' title='bbox 86 1769 194 1821; x_wconf 68' lang='lat' dir='ltr'>Ascani</span> <span class='ocrx_word' id='word_1_188' title='bbox 205 1788 317 1836; x_wconf 91' lang='lat' dir='ltr'>nomen,</span> <span class='ocrx_word' id='word_1_189' title='bbox 330 1784 357 1822; x_wconf 90' lang='lat' dir='ltr'>et</span> <span class='ocrx_word' id='word_1_190' title='bbox 367 1770 470 1841; x_wconf 85' lang='lat' dir='ltr'>profuit</span> <span class='ocrx_word' id='word_1_191' title='bbox 481 1780 566 1839; x_wconf 78' lang='lat' dir='ltr'>poete</span> <span class='ocrx_word' id='word_1_192' title='bbox 575 1767 733 1839; x_wconf 89' lang='lat' dir='ltr'>plurimum,</span> <span class='ocrx_word' id='word_1_193' title='bbox 749 1781 775 1821; x_wconf 87' lang='lat' dir='ltr'>et</span> <span class='ocrx_word' id='word_1_194' title='bbox 787 1768 883 1822; x_wconf 86' lang='lat' dir='ltr'>obfuit.</span> <span class='ocrx_word' id='word_1_195' title='bbox 896 1771 1016 1844; x_wconf 81' lang='lat' dir='ltr'>Palpavit</span> <span class='ocrx_word' id='word_1_196' title='bbox 1033 1796 1096 1832; x_wconf 63' lang='lat' dir='ltr'>sane</span> 
     </span>
     <span class='ocr_line' id='line_1_20' title="bbox 50 1843 1097 1917; baseline 0.012 -21"><span class='ocrx_word' id='word_1_197' title='bbox 50 1843 172 1917; x_wconf 77' lang='lat' dir='ltr'>Augusto</span> <span class='ocrx_word' id='word_1_198' title='bbox 185 1860 212 1899; x_wconf 94' lang='lat' dir='ltr'>et</span> <span class='ocrx_word' id='word_1_199' title='bbox 222 1848 366 1911; x_wconf 79' lang='lat' dir='ltr'>Romanis;</span> <span class='ocrx_word' id='word_1_200' title='bbox 383 1850 410 1900; x_wconf 86' lang='lat' dir='ltr'>e&#39;t</span> <span class='ocrx_word' id='word_1_201' title='bbox 420 1847 521 1899; x_wconf 74' lang='lat' dir='ltr'>iulium</span> <span class='ocrx_word' id='word_1_202' title='bbox 533 1845 606 1898; x_wconf 89' lang='lat' dir='ltr'>sidus</span> <span class='ocrx_word' id='word_1_203' title='bbox 620 1865 718 1898; x_wconf 83' lang='lat' dir='ltr'>novum</span> <span class='ocrx_word' id='word_1_204' title='bbox 735 1847 905 1917; x_wconf 85' lang='lat' dir='ltr'>splendorem</span> <span class='ocrx_word' id='word_1_205' title='bbox 925 1852 1023 1906; x_wconf 80' lang='lat' dir='ltr'>afferre</span> <span class='ocrx_word' id='word_1_206' title='bbox 1038 1875 1097 1908; x_wconf 56' lang='lat' dir='ltr'>car»</span> 
     </span>
     <span class='ocr_line' id='line_1_21' title="bbox 38 1923 1097 2005; baseline 0.009 -29"><span class='ocrx_word' id='word_1_207' title='bbox 38 1925 118 1976; x_wconf 86' lang='lat' dir='ltr'>-mini</span> <span class='ocrx_word' id='word_1_208' title='bbox 133 1923 234 1978; x_wconf 89' lang='lat' dir='ltr'>debuit.</span> <span class='ocrx_word' id='word_1_209' title='bbox 251 1928 351 1980; x_wconf 81' lang='lat' dir='ltr'>Verum</span> <span class='ocrx_word' id='word_1_210' title='bbox 367 1925 513 1990; x_wconf 78' lang='lat' dir='ltr'>eumalio,</span> <span class='ocrx_word' id='word_1_211' title='bbox 530 1925 627 1995; x_wconf 86' lang='lat' dir='ltr'>quibus</span> <span class='ocrx_word' id='word_1_212' title='bbox 646 1936 773 1995; x_wconf 88' lang='lat' dir='ltr'>tauquam</span> <span class='ocrx_word' id='word_1_213' title='bbox 788 1925 905 1996; x_wconf 89' lang='lat' dir='ltr'>scopulis</span> <span class='ocrx_word' id='word_1_214' title='bbox 919 1941 1005 1998; x_wconf 83' lang='lat' dir='ltr'>poetae</span> <span class='ocrx_word' id='word_1_215' title='bbox 1023 1934 1097 2005; x_wconf 79' lang='lat' dir='ltr'>inge·</span> 
     </span>
     <span class='ocr_line' id='line_1_22' title="bbox 50 2002 1096 2081; baseline 0.005 -27"><span class='ocrx_word' id='word_1_216' title='bbox 50 2005 126 2054; x_wconf 89' lang='lat' dir='ltr'>nium</span> <span class='ocrx_word' id='word_1_217' title='bbox 141 2023 238 2076; x_wconf 84' lang='lat' dir='ltr'>parum</span> <span class='ocrx_word' id='word_1_218' title='bbox 255 2017 363 2057; x_wconf 84' lang='lat' dir='ltr'>cautum</span> <span class='ocrx_word' id='word_1_219' title='bbox 377 2005 517 2076; x_wconf 76' lang='lat' dir='ltr'>impegisse</span> <span class='ocrx_word' id='word_1_220' title='bbox 536 2002 621 2055; x_wconf 89' lang='lat' dir='ltr'>videri</span> <span class='ocrx_word' id='word_1_221' title='bbox 639 2014 737 2074; x_wconf 90' lang='lat' dir='ltr'>potest.</span> <span class='ocrx_word' id='word_1_222' title='bbox 753 2004 784 2055; x_wconf 92' lang='lat' dir='ltr'>In</span> <span class='ocrx_word' id='word_1_223' title='bbox 801 2007 901 2072; x_wconf 88' lang='lat' dir='ltr'>majore</span> <span class='ocrx_word' id='word_1_224' title='bbox 916 2010 1004 2076; x_wconf 87' lang='lat' dir='ltr'>operis</span> <span class='ocrx_word' id='word_1_225' title='bbox 1020 2025 1096 2081; x_wconf 71' lang='lat' dir='ltr'>parte</span> 
     </span>
     <span class='ocr_line' id='line_1_23' title="bbox 49 2081 1096 2159; baseline 0.008 -25"><span class='ocrx_word' id='word_1_226' title='bbox 49 2081 183 2138; x_wconf 77' lang='lat' dir='ltr'>Asconius</span> <span class='ocrx_word' id='word_1_227' title='bbox 199 2097 239 2138; x_wconf 88' lang='lat' dir='ltr'>cst</span> <span class='ocrx_word' id='word_1_228' title='bbox 254 2103 322 2157; x_wconf 86' lang='lat' dir='ltr'>puer</span> <span class='ocrx_word' id='word_1_229' title='bbox 335 2087 391 2154; x_wconf 88' lang='lat' dir='ltr'>jam</span> <span class='ocrx_word' id='word_1_230' title='bbox 407 2086 472 2136; x_wconf 87' lang='lat' dir='ltr'>satis</span> <span class='ocrx_word' id='word_1_231' title='bbox 486 2081 612 2147; x_wconf 86' lang='lat' dir='ltr'>adultus,</span> <span class='ocrx_word' id='word_1_232' title='bbox 630 2083 750 2153; x_wconf 88' lang='lat' dir='ltr'>inprimis</span> <span class='ocrx_word' id='word_1_233' title='bbox 767 2084 795 2134; x_wconf 90' lang='lat' dir='ltr'>in</span> <span class='ocrx_word' id='word_1_234' title='bbox 812 2083 877 2135; x_wconf 92' lang='lat' dir='ltr'>ludo</span> <span class='ocrx_word' id='word_1_235' title='bbox 893 2083 979 2156; x_wconf 82' lang='lat' dir='ltr'>Trojac</span> <span class='ocrx_word' id='word_1_236' title='bbox 997 2088 1044 2141; x_wconf 83' lang='lat' dir='ltr'>lib.</span> <span class='ocrx_word' id='word_1_237' title='bbox 1056 2093 1096 2159; x_wconf 88' lang='lat' dir='ltr'>V,</span> 
     </span>
     <span class='ocr_line' id='line_1_24' title="bbox 50 2161 1096 2242; baseline -0.004 -24"><span class='ocrx_word' id='word_1_238' title='bbox 50 2164 103 2231; x_wconf 78' lang='grc'>545</span> <span class='ocrx_word' id='word_1_239' title='bbox 116 2184 175 2238; x_wconf 87' lang='lat' dir='ltr'>sqq.</span> <span class='ocrx_word' id='word_1_240' title='bbox 191 2166 254 2237; x_wconf 89' lang='lat' dir='ltr'>(nbi</span> <span class='ocrx_word' id='word_1_241' title='bbox 271 2178 359 2220; x_wconf 82' lang='lat' dir='ltr'>tumen</span> <span class='ocrx_word' id='word_1_242' title='bbox 375 2163 522 2236; x_wconf 88' lang='lat' dir='ltr'>prudenter</span> <span class='ocrx_word' id='word_1_243' title='bbox 539 2164 669 2235; x_wconf 84' lang='lat' dir='ltr'>impubem</span> <span class='ocrx_word' id='word_1_244' title='bbox 684 2161 778 2214; x_wconf 83' lang='lat' dir='ltr'>Iulum</span> <span class='ocrx_word' id='word_1_245' title='bbox 797 2163 894 2234; x_wconf 84' lang='lat' dir='ltr'>dixit),</span> <span class='ocrx_word' id='word_1_246' title='bbox 913 2178 970 2218; x_wconf 88' lang='lat' dir='ltr'>tum</span> <span class='ocrx_word' id='word_1_247' title='bbox 986 2170 1014 2220; x_wconf 89' lang='lat' dir='ltr'>in</span> <span class='ocrx_word' id='word_1_248' title='bbox 1029 2191 1096 2242; x_wconf 75' lang='lat' dir='ltr'>pro.</span> 
     </span>
     <span class='ocr_line' id='line_1_25' title="bbox 48 2245 1095 2322; baseline 0.002 -24"><span class='ocrx_word' id='word_1_249' title='bbox 48 2247 137 2298; x_wconf 88' lang='lat' dir='ltr'>missis</span> <span class='ocrx_word' id='word_1_250' title='bbox 149 2245 297 2300; x_wconf 79' lang='lat' dir='ltr'>Nisc&#39;datis</span> <span class='ocrx_word' id='word_1_251' title='bbox 308 2247 359 2314; x_wconf 85' lang='lat' dir='ltr'>IX,</span> <span class='ocrx_word' id='word_1_252' title='bbox 373 2245 423 2300; x_wconf 78' lang='lat'>258</span> <span class='ocrx_word' id='word_1_253' title='bbox 433 2263 508 2316; x_wconf 89' lang='lat' dir='ltr'>sqq.,</span> <span class='ocrx_word' id='word_1_254' title='bbox 520 2257 547 2298; x_wconf 90' lang='lat' dir='ltr'>et</span> <span class='ocrx_word' id='word_1_255' title='bbox 557 2246 585 2296; x_wconf 88' lang='lat' dir='ltr'>in</span> <span class='ocrx_word' id='word_1_256' title='bbox 599 2261 690 2316; x_wconf 75' lang='lat' dir='ltr'>pugna</span> <span class='ocrx_word' id='word_1_257' title='bbox 701 2245 829 2298; x_wconf 79' lang='lat' dir='ltr'>castrensi</span> <span class='ocrx_word' id='word_1_258' title='bbox 843 2246 895 2313; x_wconf 83' lang='lat' dir='ltr'>tx,</span> <span class='ocrx_word' id='word_1_259' title='bbox 912 2246 962 2300; x_wconf 79' lang='lat'>622</span> <span class='ocrx_word' id='word_1_260' title='bbox 976 2267 1034 2322; x_wconf 87' lang='lat' dir='ltr'>sqq.</span> <span class='ocrx_word' id='word_1_261' title='bbox 1054 2255 1095 2321; x_wconf 85' lang='lat' dir='ltr'>X,</span> 
     </span>
     <span class='ocr_line' id='line_1_26' title="bbox 51 2323 1095 2398; baseline 0.008 -22"><span class='ocrx_word' id='word_1_262' title='bbox 51 2323 112 2376; x_wconf 82' lang='lat'>132.</span> <span class='ocrx_word' id='word_1_263' title='bbox 125 2323 212 2378; x_wconf 85' lang='lat' dir='ltr'>Etiam</span> <span class='ocrx_word' id='word_1_264' title='bbox 227 2325 306 2398; x_wconf 88' lang='lat' dir='ltr'>hujus</span> <span class='ocrx_word' id='word_1_265' title='bbox 314 2329 378 2378; x_wconf 86' lang='lat' dir='ltr'>anni</span> <span class='ocrx_word' id='word_1_266' title='bbox 392 2326 485 2392; x_wconf 89' lang='lat' dir='ltr'>initio,</span> <span class='ocrx_word' id='word_1_267' title='bbox 498 2323 715 2396; x_wconf 74' lang='lat' dir='ltr'>quumindfrica</span> <span class='ocrx_word' id='word_1_268' title='bbox 730 2335 840 2394; x_wconf 79' lang='lat' dir='ltr'>agerent</span> <span class='ocrx_word' id='word_1_269' title='bbox 850 2324 976 2395; x_wconf 86' lang='lat' dir='ltr'>Trojani‚</span> <span class='ocrx_word' id='word_1_270' title='bbox 991 2329 1095 2384; x_wconf 90' lang='lat' dir='ltr'>educti-</span> 
     </span>
     <span class='ocr_line' id='line_1_27' title="bbox 49 2401 1172 2474; baseline 0.009 -21"><span class='ocrx_word' id='word_1_271' title='bbox 49 2419 104 2473; x_wconf 83' lang='lat' dir='ltr'>que</span> <span class='ocrx_word' id='word_1_272' title='bbox 123 2415 211 2454; x_wconf 84' lang='lat' dir='ltr'>essent</span> <span class='ocrx_word' id='word_1_273' title='bbox 226 2405 253 2456; x_wconf 95' lang='lat' dir='ltr'>in</span> <span class='ocrx_word' id='word_1_274' title='bbox 271 2406 458 2470; x_wconf 81' lang='lat' dir='ltr'>venationem,</span> <span class='ocrx_word' id='word_1_275' title='bbox 474 2403 512 2455; x_wconf 89' lang='lat' dir='ltr'>At</span> <span class='ocrx_word' id='word_1_276' title='bbox 526 2421 596 2474; x_wconf 85' lang='lat' dir='ltr'>puer</span> <span class='ocrx_word' id='word_1_277' title='bbox 611 2401 739 2474; x_wconf 63' lang='lat' dir='ltr'>Ascanius</span> <span class='ocrx_word' id='word_1_278' title='bbox 755 2401 893 2454; x_wconf 83' lang='lat' dir='ltr'>mediisin</span> <span class='ocrx_word' id='word_1_279' title='bbox 910 2403 1023 2460; x_wconf 82' lang='lat' dir='ltr'>ouilibus</span> <span class='ocrx_word' id='word_1_280' title='bbox 1039 2411 1096 2462; x_wconf 82' lang='lat' dir='ltr'>acri</span> <span class='ocrx_word' id='word_1_281' title='bbox 1171 2417 1172 2429; x_wconf 64' lang='lat'>¹</span> 
     </span>
     <span class='ocr_line' id='line_1_28' title="bbox 51 2482 1097 2555; baseline 0.009 -23"><span class='ocrx_word' id='word_1_282' title='bbox 51 2482 159 2536; x_wconf 81' lang='lat' dir='ltr'>Gaudet</span> <span class='ocrx_word' id='word_1_283' title='bbox 168 2502 234 2555; x_wconf 84' lang='lat' dir='ltr'>equo</span> <span class='ocrx_word' id='word_1_284' title='bbox 246 2499 296 2538; x_wconf 89' lang='lat' dir='ltr'>etc.</span> <span class='ocrx_word' id='word_1_285' title='bbox 308 2485 355 2539; x_wconf 88' lang='lat' dir='ltr'>lib.</span> <span class='ocrx_word' id='word_1_286' title='bbox 368 2486 420 2551; x_wconf 88' lang='lat' dir='ltr'>IV,</span> <span class='ocrx_word' id='word_1_287' title='bbox 436 2483 493 2538; x_wconf 78' lang='lat'><strong>156.</strong></span> <span class='ocrx_word' id='word_1_288' title='bbox 507 2501 581 2554; x_wconf 84' lang='lat' dir='ltr'>seq.,</span> <span class='ocrx_word' id='word_1_289' title='bbox 598 2494 624 2536; x_wconf 88' lang='lat' dir='ltr'>et</span> <span class='ocrx_word' id='word_1_290' title='bbox 637 2500 748 2536; x_wconf 87' lang='lat' dir='ltr'>escensu</span> <span class='ocrx_word' id='word_1_291' title='bbox 761 2483 789 2534; x_wconf 89' lang='lat' dir='ltr'>in</span> <span class='ocrx_word' id='word_1_292' title='bbox 800 2483 906 2534; x_wconf 86' lang='lat' dir='ltr'>Latium</span> <span class='ocrx_word' id='word_1_293' title='bbox 921 2485 994 2538; x_wconf 81' lang='lat' dir='ltr'>facto</span> <span class='ocrx_word' id='word_1_294' title='bbox 1006 2509 1012 2540; x_wconf 77' lang='grc' dir='ltr'>ι</span> <span class='ocrx_word' id='word_1_295' title='bbox 1026 2491 1097 2544; x_wconf 86' lang='lat' dir='ltr'>Iusi-</span> 
     </span>
    </p>
   </div>
   <div class='ocr_carea' id='block_1_3' title="bbox 47 2560 1202 2638">
    <p class='ocr_par' dir='ltr' id='par_1_3' title="bbox 47 2560 1202 2638">
     <span class='ocr_line' id='line_1_29' title="bbox 47 2560 1202 2638; baseline 0.003 -24"><span class='ocrx_word' id='word_1_296' title='bbox 47 2560 102 2614; x_wconf 88' lang='lat' dir='ltr'>diis</span> <span class='ocrx_word' id='word_1_297' title='bbox 118 2577 246 2636; x_wconf 83' lang='lat' dir='ltr'>cursuque</span> <span class='ocrx_word' id='word_1_298' title='bbox 258 2565 333 2636; x_wconf 81' lang='lat' dir='ltr'>feres</span> <span class='ocrx_word' id='word_1_299' title='bbox 347 2565 467 2638; x_wconf 71' lang='lat' dir='ltr'>aqitabat</span> <span class='ocrx_word' id='word_1_300' title='bbox 483 2561 710 2634; x_wconf 64' lang='lat' dir='ltr'>dulusV11,d79.</span> <span class='ocrx_word' id='word_1_301' title='bbox 726 2563 919 2615; x_wconf 85' lang='lat' dir='ltr'>Jamsiannos</span> <span class='ocrx_word' id='word_1_302' title='bbox 937 2581 1096 2638; x_wconf 88' lang='lat' dir='ltr'>computes,</span> <span class='ocrx_word' id='word_1_303' title='bbox 1199 2606 1202 2618; x_wconf 71' lang='grc'><strong><em>,</em></strong></span> 
     </span>
    </p>
   </div>
   <div class='ocr_carea' id='block_1_4' title="bbox 46 2641 1097 3995">
    <p class='ocr_par' dir='ltr' id='par_1_4' title="bbox 46 2641 1097 3995">
     <span class='ocr_line' id='line_1_30' title="bbox 46 2641 1095 2715; baseline 0.002 -21"><span class='ocrx_word' id='word_1_304' title='bbox 46 2641 126 2694; x_wconf 90' lang='lat' dir='ltr'>haud</span> <span class='ocrx_word' id='word_1_305' title='bbox 137 2645 249 2696; x_wconf 86' lang='lat' dir='ltr'>multum</span> <span class='ocrx_word' id='word_1_306' title='bbox 268 2647 323 2714; x_wconf 86' lang='lat' dir='ltr'>ejus</span> <span class='ocrx_word' id='word_1_307' title='bbox 342 2658 404 2696; x_wconf 88' lang='lat' dir='ltr'>aetas</span> <span class='ocrx_word' id='word_1_308' title='bbox 423 2663 440 2696; x_wconf 84' lang='lat' dir='ltr'>a</span> <span class='ocrx_word' id='word_1_309' title='bbox 453 2643 594 2715; x_wconf 84' lang='lat' dir='ltr'>pubertate</span> <span class='ocrx_word' id='word_1_310' title='bbox 615 2654 672 2694; x_wconf 92' lang='lat' dir='ltr'>tum</span> <span class='ocrx_word' id='word_1_311' title='bbox 693 2642 786 2694; x_wconf 84' lang='lat' dir='ltr'>abesse</span> <span class='ocrx_word' id='word_1_312' title='bbox 806 2643 914 2712; x_wconf 85' lang='lat' dir='ltr'>potuit:</span> <span class='ocrx_word' id='word_1_313' title='bbox 934 2646 1033 2697; x_wconf 83' lang='lat' dir='ltr'>exierat</span> <span class='ocrx_word' id='word_1_314' title='bbox 1050 2647 1095 2701; x_wconf 83' lang='lat' dir='ltr'>ille</span> 
     </span>
     <span class='ocr_line' id='line_1_31' title="bbox 49 2720 1095 2793; baseline 0.002 -17"><span class='ocrx_word' id='word_1_315' title='bbox 49 2734 115 2776; x_wconf 88' lang='lat' dir='ltr'>ante</span> <span class='ocrx_word' id='word_1_316' title='bbox 123 2735 224 2793; x_wconf 85' lang='lat' dir='ltr'>septem</span> <span class='ocrx_word' id='word_1_317' title='bbox 239 2740 323 2776; x_wconf 83' lang='lat' dir='ltr'>annos</span> <span class='ocrx_word' id='word_1_318' title='bbox 334 2723 401 2777; x_wconf 88' lang='lat' dir='ltr'>urbe</span> <span class='ocrx_word' id='word_1_319' title='bbox 410 2724 500 2792; x_wconf 82' lang='lat' dir='ltr'>Troja,</span> <span class='ocrx_word' id='word_1_320' title='bbox 512 2723 597 2793; x_wconf 87' lang='lat' dir='ltr'>patris</span> <span class='ocrx_word' id='word_1_321' title='bbox 609 2739 690 2774; x_wconf 86' lang='lat' dir='ltr'>manu</span> <span class='ocrx_word' id='word_1_322' title='bbox 699 2720 795 2772; x_wconf 89' lang='lat' dir='ltr'>ductus</span> <span class='ocrx_word' id='word_1_323' title='bbox 805 2741 813 2780; x_wconf 73' lang='grc' dir='ltr'><strong>ς</strong></span> <span class='ocrx_word' id='word_1_324' title='bbox 825 2722 869 2772; x_wconf 84' lang='lat' dir='ltr'>fac</span> <span class='ocrx_word' id='word_1_325' title='bbox 881 2739 942 2774; x_wconf 88' lang='lat' dir='ltr'>eum</span> <span class='ocrx_word' id='word_1_326' title='bbox 953 2742 1095 2778; x_wconf 85' lang='lat' dir='ltr'>sexennem</span> 
     </span>
     <span class='ocr_line' id='line_1_32' title="bbox 48 2797 1097 2874; baseline -0.008 -20"><span class='ocrx_word' id='word_1_327' title='bbox 48 2802 95 2854; x_wconf 82' lang='lat' dir='ltr'>vel</span> <span class='ocrx_word' id='word_1_328' title='bbox 107 2814 262 2873; x_wconf 82' lang='lat' dir='ltr'>septennem</span> <span class='ocrx_word' id='word_1_329' title='bbox 272 2801 335 2873; x_wconf 68' lang='lat' dir='ltr'>fingi</span> <span class='ocrx_word' id='word_1_330' title='bbox 348 2805 404 2872; x_wconf 84' lang='lat' dir='ltr'>jam</span> <span class='ocrx_word' id='word_1_331' title='bbox 416 2813 471 2852; x_wconf 87' lang='lat' dir='ltr'>tum</span> <span class='ocrx_word' id='word_1_332' title='bbox 488 2812 596 2866; x_wconf 86' lang='lat' dir='ltr'>natum,</span> <span class='ocrx_word' id='word_1_333' title='bbox 613 2818 695 2870; x_wconf 87' lang='lat' dir='ltr'>quum</span> <span class='ocrx_word' id='word_1_334' title='bbox 706 2800 776 2868; x_wconf 86' lang='lat' dir='ltr'>patri</span> <span class='ocrx_word' id='word_1_335' title='bbox 786 2815 875 2850; x_wconf 89' lang='lat' dir='ltr'>comes</span> <span class='ocrx_word' id='word_1_336' title='bbox 889 2797 964 2852; x_wconf 86' lang='lat' dir='ltr'>fieret</span> <span class='ocrx_word' id='word_1_337' title='bbox 977 2821 983 2850; x_wconf 72' lang='grc' dir='ltr'><strong><em>ι</em></strong></span> <span class='ocrx_word' id='word_1_338' title='bbox 1001 2803 1024 2853; x_wconf 86' lang='lat' dir='ltr'>si</span> <span class='ocrx_word' id='word_1_339' title='bbox 1036 2807 1097 2874; x_wconf 69' lang='lat' dir='ltr'>qui.</span> 
     </span>
     <span class='ocr_line' id='line_1_33' title="bbox 47 2876 1095 2952; baseline -0.003 -16"><span class='ocrx_word' id='word_1_340' title='bbox 47 2883 115 2936; x_wconf 87' lang='lat' dir='ltr'>dem</span> <span class='ocrx_word' id='word_1_341' title='bbox 130 2882 225 2936; x_wconf 81' lang='lat' dir='ltr'>dextroe</span> <span class='ocrx_word' id='word_1_342' title='bbox 236 2899 261 2933; x_wconf 87' lang='lat' dir='ltr'>se</span> <span class='ocrx_word' id='word_1_343' title='bbox 271 2899 368 2952; x_wconf 83' lang='lat' dir='ltr'>paruus</span> <span class='ocrx_word' id='word_1_344' title='bbox 382 2877 456 2933; x_wconf 80' lang='lat' dir='ltr'>Iulus</span> <span class='ocrx_word' id='word_1_345' title='bbox 474 2876 612 2949; x_wconf 85' lang='lat' dir='ltr'>Implicuit</span> <span class='ocrx_word' id='word_1_346' title='bbox 622 2877 791 2950; x_wconf 83' lang='lat' dir='ltr'>sequiturque</span> <span class='ocrx_word' id='word_1_347' title='bbox 801 2885 904 2946; x_wconf 81' lang='lat' dir='ltr'>patrem</span> <span class='ocrx_word' id='word_1_348' title='bbox 916 2896 969 2931; x_wconf 84' lang='lat' dir='ltr'>nou</span> <span class='ocrx_word' id='word_1_349' title='bbox 978 2882 1095 2949; x_wconf 84' lang='lat' dir='ltr'>passibus</span> 
     </span>
     <span class='ocr_line' id='line_1_34' title="bbox 48 2955 1094 3036; baseline -0.009 -18"><span class='ocrx_word' id='word_1_350' title='bbox 48 2963 150 3036; x_wconf 79' lang='lat' dir='ltr'>oequis:</span> <span class='ocrx_word' id='word_1_351' title='bbox 160 2962 207 3014; x_wconf 75' lang='lat' dir='ltr'>lib,</span> <span class='ocrx_word' id='word_1_352' title='bbox 218 2960 324 3030; x_wconf 78' lang='lat'><strong>11‚723.</strong></span> <span class='ocrx_word' id='word_1_353' title='bbox 338 2961 372 3011; x_wconf 83' lang='lat' dir='ltr'>At</span> <span class='ocrx_word' id='word_1_354' title='bbox 384 2962 471 3030; x_wconf 89' lang='lat' dir='ltr'>primo</span> <span class='ocrx_word' id='word_1_355' title='bbox 481 2959 552 3009; x_wconf 89' lang='lat' dir='ltr'>illins</span> <span class='ocrx_word' id='word_1_356' title='bbox 560 2957 684 3024; x_wconf 86' lang='lat' dir='ltr'>inlocum</span> <span class='ocrx_word' id='word_1_357' title='bbox 694 2955 799 3026; x_wconf 89' lang='lat' dir='ltr'>Cupido</span> <span class='ocrx_word' id='word_1_358' title='bbox 810 2955 937 3022; x_wconf 80' lang='lat' dir='ltr'>succedit,</span> <span class='ocrx_word' id='word_1_359' title='bbox 947 2961 993 3028; x_wconf 87' lang='lat' dir='ltr'>qui</span> <span class='ocrx_word' id='word_1_360' title='bbox 1005 2973 1094 3016; x_wconf 79' lang='lat' dir='ltr'>tamen</span> 
     </span>
     <span class='ocr_line' id='line_1_35' title="bbox 48 3036 1093 3116; baseline -0.004 -18"><span class='ocrx_word' id='word_1_361' title='bbox 48 3044 166 3098; x_wconf 88' lang='lat' dir='ltr'>Didonis</span> <span class='ocrx_word' id='word_1_362' title='bbox 181 3043 282 3116; x_wconf 79' lang='lat' dir='ltr'>gremio</span> <span class='ocrx_word' id='word_1_363' title='bbox 295 3040 409 3093; x_wconf 85' lang='lat' dir='ltr'>insidet:</span> <span class='ocrx_word' id='word_1_364' title='bbox 427 3039 474 3091; x_wconf 92' lang='lat' dir='ltr'>lib.</span> <span class='ocrx_word' id='word_1_365' title='bbox 491 3041 520 3103; x_wconf 90' lang='lat'>1,</span> <span class='ocrx_word' id='word_1_366' title='bbox 538 3039 605 3107; x_wconf 83' lang='lat'>718,</span> <span class='ocrx_word' id='word_1_367' title='bbox 624 3050 680 3088; x_wconf 89' lang='lat' dir='ltr'>tum</span> <span class='ocrx_word' id='word_1_368' title='bbox 697 3049 868 3108; x_wconf 84' lang='lat' dir='ltr'>comparatur</span> <span class='ocrx_word' id='word_1_369' title='bbox 881 3036 926 3090; x_wconf 87' lang='lat' dir='ltr'>ilie</span> <span class='ocrx_word' id='word_1_370' title='bbox 939 3039 973 3091; x_wconf 85' lang='lat' dir='ltr'>ab</span> <span class='ocrx_word' id='word_1_371' title='bbox 984 3041 1093 3094; x_wconf 86' lang='lat' dir='ltr'>Andro-</span> 
     </span>
     <span class='ocr_line' id='line_1_36' title="bbox 48 3116 1095 3194; baseline -0.006 -14"><span class='ocrx_word' id='word_1_372' title='bbox 48 3123 148 3180; x_wconf 84' lang='lat' dir='ltr'>mache</span> <span class='ocrx_word' id='word_1_373' title='bbox 158 3143 219 3178; x_wconf 89' lang='lat' dir='ltr'>oum</span> <span class='ocrx_word' id='word_1_374' title='bbox 229 3122 388 3194; x_wconf 73' lang='lat' dir='ltr'>Astyanacte</span> <span class='ocrx_word' id='word_1_375' title='bbox 400 3120 447 3172; x_wconf 90' lang='lat' dir='ltr'>lib.</span> <span class='ocrx_word' id='word_1_376' title='bbox 455 3121 501 3184; x_wconf 85' lang='lat'>111,</span> <span class='ocrx_word' id='word_1_377' title='bbox 511 3119 564 3187; x_wconf 66' lang='lat'>489</span> <span class='ocrx_word' id='word_1_378' title='bbox 573 3136 628 3188; x_wconf 87' lang='lat' dir='ltr'>seq.</span> <span class='ocrx_word' id='word_1_379' title='bbox 636 3116 796 3182; x_wconf 82' lang='lat' dir='ltr'>Videamus,</span> <span class='ocrx_word' id='word_1_380' title='bbox 807 3135 841 3172; x_wconf 83' lang='lat' dir='ltr'>an</span> <span class='ocrx_word' id='word_1_381' title='bbox 850 3118 1023 3187; x_wconf 87' lang='lat' dir='ltr'>reprehensio</span> <span class='ocrx_word' id='word_1_382' title='bbox 1031 3122 1095 3193; x_wconf 86' lang='lat' dir='ltr'>illa,</span> 
     </span>
     <span class='ocr_line' id='line_1_37' title="bbox 46 3197 1095 3279; baseline -0.008 -21"><span class='ocrx_word' id='word_1_383' title='bbox 46 3212 126 3279; x_wconf 79' lang='lat' dir='ltr'>justu</span> <span class='ocrx_word' id='word_1_384' title='bbox 137 3205 178 3256; x_wconf 82' lang='lat' dir='ltr'>tit.</span> <span class='ocrx_word' id='word_1_385' title='bbox 190 3201 265 3256; x_wconf 85' lang='lat' dir='ltr'>Prius</span> <span class='ocrx_word' id='word_1_386' title='bbox 283 3201 350 3255; x_wconf 90' lang='lat' dir='ltr'>illud</span> <span class='ocrx_word' id='word_1_387' title='bbox 368 3201 550 3254; x_wconf 85' lang='lat' dir='ltr'>defensionem</span> <span class='ocrx_word' id='word_1_388' title='bbox 565 3197 647 3250; x_wconf 84' lang='lat' dir='ltr'>hahet</span> <span class='ocrx_word' id='word_1_389' title='bbox 665 3210 804 3268; x_wconf 84' lang='lat' dir='ltr'>paratam:</span> <span class='ocrx_word' id='word_1_390' title='bbox 822 3216 885 3250; x_wconf 83' lang='lat' dir='ltr'>num</span> <span class='ocrx_word' id='word_1_391' title='bbox 901 3199 1007 3269; x_wconf 88' lang='lat' dir='ltr'>Cupido</span> <span class='ocrx_word' id='word_1_392' title='bbox 1025 3216 1095 3258; x_wconf 69' lang='lat' dir='ltr'>vete.</span> 
     </span>
     <span class='ocr_line' id='line_1_38' title="bbox 49 3279 1095 3358; baseline -0.013 -18"><span class='ocrx_word' id='word_1_393' title='bbox 49 3289 129 3344; x_wconf 85' lang='lat' dir='ltr'>ribus</span> <span class='ocrx_word' id='word_1_394' title='bbox 140 3303 208 3358; x_wconf 85' lang='lat' dir='ltr'>puer</span> <span class='ocrx_word' id='word_1_395' title='bbox 223 3297 263 3338; x_wconf 87' lang='lat' dir='ltr'>est</span> <span class='ocrx_word' id='word_1_396' title='bbox 279 3283 314 3336; x_wconf 83' lang='lat' dir='ltr'>ad</span> <span class='ocrx_word' id='word_1_397' title='bbox 330 3283 478 3354; x_wconf 87' lang='lat' dir='ltr'>pubertatis</span> <span class='ocrx_word' id='word_1_398' title='bbox 495 3297 579 3331; x_wconf 85' lang='lat' dir='ltr'>annos</span> <span class='ocrx_word' id='word_1_399' title='bbox 596 3289 723 3350; x_wconf 77' lang='lat' dir='ltr'>vergente</span> <span class='ocrx_word' id='word_1_400' title='bbox 738 3288 831 3342; x_wconf 75' lang='lat' dir='ltr'>atate,</span> <span class='ocrx_word' id='word_1_401' title='bbox 844 3290 875 3330; x_wconf 92' lang='lat' dir='ltr'>ut</span> <span class='ocrx_word' id='word_1_402' title='bbox 889 3296 920 3330; x_wconf 80' lang='lat' dir='ltr'>ex</span> <span class='ocrx_word' id='word_1_403' title='bbox 930 3279 1012 3350; x_wconf 70' lang='lat' dir='ltr'>signis</span> <span class='ocrx_word' id='word_1_404' title='bbox 1024 3297 1095 3338; x_wconf 77' lang='lat' dir='ltr'>vete.</span> 
     </span>
     <span class='ocr_line' id='line_1_39' title="bbox 50 3355 1095 3435; baseline -0.006 -13"><span class='ocrx_word' id='word_1_405' title='bbox 50 3387 114 3424; x_wconf 84' lang='lat' dir='ltr'>rum</span> <span class='ocrx_word' id='word_1_406' title='bbox 124 3377 244 3426; x_wconf 61' lang='lat' dir='ltr'>constan</span> <span class='ocrx_word' id='word_1_407' title='bbox 260 3361 334 3435; x_wconf 86' lang='lat' dir='ltr'>qnod</span> <span class='ocrx_word' id='word_1_408' title='bbox 342 3362 387 3414; x_wconf 84' lang='lat' dir='ltr'>iile</span> <span class='ocrx_word' id='word_1_409' title='bbox 394 3359 495 3434; x_wconf 67' lang='lat' dir='ltr'>premio</span> <span class='ocrx_word' id='word_1_410' title='bbox 506 3357 617 3426; x_wconf 79' lang='lat' dir='ltr'>Didonis</span> <span class='ocrx_word' id='word_1_411' title='bbox 630 3357 740 3410; x_wconf 80' lang='lat' dir='ltr'>insidere</span> <span class='ocrx_word' id='word_1_412' title='bbox 751 3355 866 3421; x_wconf 89' lang='lat' dir='ltr'>dicitur,</span> <span class='ocrx_word' id='word_1_413' title='bbox 882 3375 896 3408; x_wconf 90' lang='lat' dir='ltr'>e</span> <span class='ocrx_word' id='word_1_414' title='bbox 909 3375 982 3409; x_wconf 86' lang='lat' dir='ltr'>ruore</span> <span class='ocrx_word' id='word_1_415' title='bbox 992 3378 1095 3416; x_wconf 86' lang='lat' dir='ltr'>accuru-</span> 
     </span>
     <span class='ocr_line' id='line_1_40' title="bbox 49 3436 1094 3515; baseline -0.007 -11"><span class='ocrx_word' id='word_1_416' title='bbox 49 3450 175 3506; x_wconf 87' lang='lat' dir='ltr'>bentiutn</span> <span class='ocrx_word' id='word_1_417' title='bbox 191 3458 232 3497; x_wconf 90' lang='lat' dir='ltr'>est</span> <span class='ocrx_word' id='word_1_418' title='bbox 243 3441 470 3515; x_wconf 82' lang='lat' dir='ltr'>dijudicandum:</span> <span class='ocrx_word' id='word_1_419' title='bbox 488 3452 594 3510; x_wconf 83' lang='lat' dir='ltr'>poterat</span> <span class='ocrx_word' id='word_1_420' title='bbox 611 3438 656 3490; x_wconf 85' lang='lat' dir='ltr'>iile</span> <span class='ocrx_word' id='word_1_421' title='bbox 672 3439 729 3508; x_wconf 82' lang='lat' dir='ltr'>ejus</span> <span class='ocrx_word' id='word_1_422' title='bbox 743 3438 846 3507; x_wconf 91' lang='lat' dir='ltr'>pectori</span> <span class='ocrx_word' id='word_1_423' title='bbox 859 3436 968 3490; x_wconf 84' lang='lat' dir='ltr'>acclinis</span> <span class='ocrx_word' id='word_1_424' title='bbox 984 3439 1094 3496; x_wconf 83' lang='lat' dir='ltr'>sedere:</span> 
     </span>
     <span class='ocr_line' id='line_1_41' title="bbox 51 3516 1097 3590; baseline -0.007 -9"><span class='ocrx_word' id='word_1_425' title='bbox 51 3529 132 3584; x_wconf 71' lang='lat' dir='ltr'>coni:</span> <span class='ocrx_word' id='word_1_426' title='bbox 140 3526 203 3578; x_wconf 84' lang='lat' dir='ltr'>Not.</span> <span class='ocrx_word' id='word_1_427' title='bbox 216 3523 252 3576; x_wconf 84' lang='lat' dir='ltr'>ad</span> <span class='ocrx_word' id='word_1_428' title='bbox 266 3543 288 3575; x_wconf 91' lang='lat' dir='ltr'>e.</span> <span class='ocrx_word' id='word_1_429' title='bbox 306 3522 324 3573; x_wconf 91' lang='lat' dir='ltr'>l.</span> <span class='ocrx_word' id='word_1_430' title='bbox 337 3521 417 3590; x_wconf 90' lang='lat' dir='ltr'>Quod</span> <span class='ocrx_word' id='word_1_431' title='bbox 429 3521 543 3574; x_wconf 84' lang='lat' dir='ltr'>alterum</span> <span class='ocrx_word' id='word_1_432' title='bbox 554 3521 663 3584; x_wconf 85' lang='lat' dir='ltr'>attinet,</span> <span class='ocrx_word' id='word_1_433' title='bbox 679 3516 753 3589; x_wconf 89' lang='lat' dir='ltr'>quod</span> <span class='ocrx_word' id='word_1_434' title='bbox 764 3516 895 3581; x_wconf 69' lang='lat' dir='ltr'>dumus,</span> <span class='ocrx_word' id='word_1_435' title='bbox 909 3516 1097 3579; x_wconf 75' lang='lat' dir='ltr'>Andromache</span> 
     </span>
     <span class='ocr_line' id='line_1_42' title="bbox 50 3583 1096 3674; baseline -0.011 -13"><span class='ocrx_word' id='word_1_436' title='bbox 50 3583 164 3661; x_wconf 54' lang='lat' dir='ltr'>&amp;canii</span> <span class='ocrx_word' id='word_1_437' title='bbox 182 3589 328 3674; x_wconf 76' lang='lat' dir='ltr'>conspectu</span> <span class='ocrx_word' id='word_1_438' title='bbox 346 3613 495 3654; x_wconf 81' lang='lat' dir='ltr'>commota:</span> <span class='ocrx_word' id='word_1_439' title='bbox 517 3599 540 3650; x_wconf 91' lang='lat'><em>0</em></span> <span class='ocrx_word' id='word_1_440' title='bbox 556 3597 624 3649; x_wconf 79' lang='lat' dir='ltr'>mihi</span> <span class='ocrx_word' id='word_1_441' title='bbox 639 3595 694 3650; x_wconf 80' lang='lat' dir='ltr'>sola</span> <span class='ocrx_word' id='word_1_442' title='bbox 711 3596 763 3648; x_wconf 84' lang='lat' dir='ltr'>mei</span> <span class='ocrx_word' id='word_1_443' title='bbox 771 3633 780 3660; x_wconf 94' lang='lat'>,</span> <span class='ocrx_word' id='word_1_444' title='bbox 796 3595 901 3664; x_wconf 89' lang='lat' dir='ltr'>inquit,</span> <span class='ocrx_word' id='word_1_445' title='bbox 916 3613 995 3666; x_wconf 82' lang='lat' dir='ltr'>super</span> <span class='ocrx_word' id='word_1_446' title='bbox 1003 3599 1096 3672; x_wconf 82' lang='lat' dir='ltr'>Astya-</span> 
     </span>
     <span class='ocr_line' id='line_1_43' title="bbox 47 3674 1096 3756; baseline -0.005 -17"><span class='ocrx_word' id='word_1_447' title='bbox 47 3686 140 3742; x_wconf 77' lang='lat' dir='ltr'>-nactis</span> <span class='ocrx_word' id='word_1_448' title='bbox 157 3685 241 3756; x_wconf 72' lang='lat' dir='ltr'>inape</span> <span class='ocrx_word' id='word_1_449' title='bbox 255 3687 264 3734; x_wconf 85' lang='lat'><em>1</em></span> <span class='ocrx_word' id='word_1_450' title='bbox 283 3681 326 3734; x_wconf 85' lang='lat' dir='ltr'>Sic</span> <span class='ocrx_word' id='word_1_451' title='bbox 345 3679 450 3746; x_wconf 83' lang='lat' dir='ltr'>oculos,</span> <span class='ocrx_word' id='word_1_452' title='bbox 468 3679 505 3732; x_wconf 90' lang='lat' dir='ltr'>sic</span> <span class='ocrx_word' id='word_1_453' title='bbox 526 3675 572 3730; x_wconf 83' lang='lat' dir='ltr'>ille</span> <span class='ocrx_word' id='word_1_454' title='bbox 587 3696 698 3742; x_wconf 81' lang='lat' dir='ltr'>manus,</span> <span class='ocrx_word' id='word_1_455' title='bbox 718 3677 816 3728; x_wconf 80' lang='lat' dir='ltr'>sicera</span> <span class='ocrx_word' id='word_1_456' title='bbox 834 3674 954 3745; x_wconf 74' lang='lat' dir='ltr'>ferebat,¹</span> <span class='ocrx_word' id='word_1_457' title='bbox 970 3677 1007 3728; x_wconf 84' lang='lat' dir='ltr'>Et</span> <span class='ocrx_word' id='word_1_458' title='bbox 1023 3699 1096 3736; x_wconf 83' lang='lat' dir='ltr'>uunc</span> 
     </span>
     <span class='ocr_line' id='line_1_44' title="bbox 51 3755 1095 3842; baseline -0.01 -24"><span class='ocrx_word' id='word_1_459' title='bbox 51 3765 155 3842; x_wconf 72' lang='lat' dir='ltr'>aeqsmii</span> <span class='ocrx_word' id='word_1_460' title='bbox 172 3776 257 3818; x_wconf 82' lang='lat' dir='ltr'>tecum</span> <span class='ocrx_word' id='word_1_461' title='bbox 272 3763 420 3834; x_wconf 80' lang='lat' dir='ltr'>pubesceret</span> <span class='ocrx_word' id='word_1_462' title='bbox 436 3777 499 3814; x_wconf 80' lang='lat' dir='ltr'>aeuo.</span> <span class='ocrx_word' id='word_1_463' title='bbox 511 3758 539 3812; x_wconf 80' lang='lat' dir='ltr'>st</span> <span class='ocrx_word' id='word_1_464' title='bbox 551 3761 595 3810; x_wconf 87' lang='lat' dir='ltr'>cui</span> <span class='ocrx_word' id='word_1_465' title='bbox 605 3759 771 3830; x_wconf 71' lang='lat' dir='ltr'>Astyanactis</span> <span class='ocrx_word' id='word_1_466' title='bbox 785 3775 801 3808; x_wconf 87' lang='lat' dir='ltr'>a</span> <span class='ocrx_word' id='word_1_467' title='bbox 815 3767 898 3812; x_wconf 83' lang='lat' dir='ltr'>matre</span> <span class='ocrx_word' id='word_1_468' title='bbox 910 3755 979 3809; x_wconf 90' lang='lat' dir='ltr'>ulnis</span> <span class='ocrx_word' id='word_1_469' title='bbox 999 3764 1095 3830; x_wconf 69' lang='lat' dir='ltr'>gestari</span> 
     </span>
     <span class='ocr_line' id='line_1_45' title="bbox 53 3837 1095 3912; baseline -0.006 -12"><span class='ocrx_word' id='word_1_470' title='bbox 53 3867 88 3904; x_wconf 76' lang='lat' dir='ltr'>ex</span> <span class='ocrx_word' id='word_1_471' title='bbox 106 3844 181 3899; x_wconf 76' lang='lat' dir='ltr'>mad.</span> <span class='ocrx_word' id='word_1_472' title='bbox 195 3845 225 3912; x_wconf 77' lang='grc' dir='ltr'>ξ,</span> <span class='ocrx_word' id='word_1_473' title='bbox 240 3843 370 3894; x_wconf 85' lang='lat' dir='ltr'>memoria</span> <span class='ocrx_word' id='word_1_474' title='bbox 386 3839 529 3908; x_wconf 86' lang='lat' dir='ltr'>insederit,</span> <span class='ocrx_word' id='word_1_475' title='bbox 545 3838 618 3892; x_wconf 84' lang='lat' dir='ltr'>ised</span> <span class='ocrx_word' id='word_1_476' title='bbox 633 3839 711 3890; x_wconf 87' lang='lat' dir='ltr'>nimis</span> <span class='ocrx_word' id='word_1_477' title='bbox 728 3849 833 3890; x_wconf 90' lang='lat' dir='ltr'>teneros</span> <span class='ocrx_word' id='word_1_478' title='bbox 852 3853 935 3887; x_wconf 89' lang='lat' dir='ltr'>annos</span> <span class='ocrx_word' id='word_1_479' title='bbox 951 3837 1095 3894; x_wconf 84' lang='lat' dir='ltr'>Ascanium</span> 
     </span>
     <span class='ocr_line' id='line_1_46' title="bbox 52 3919 1096 3995; baseline -0.012 -12"><span class='ocrx_word' id='word_1_480' title='bbox 52 3927 179 3983; x_wconf 77' lang='lat' dir='ltr'>revocari</span> <span class='ocrx_word' id='word_1_481' title='bbox 186 3923 299 3995; x_wconf 76' lang='lat' dir='ltr'>putabit.</span> <span class='ocrx_word' id='word_1_482' title='bbox 312 3923 369 3974; x_wconf 89' lang='lat' dir='ltr'>Hoc</span> <span class='ocrx_word' id='word_1_483' title='bbox 381 3929 470 3974; x_wconf 81' lang='lat' dir='ltr'>tamen</span> <span class='ocrx_word' id='word_1_484' title='bbox 482 3920 606 3986; x_wconf 84' lang='lat' dir='ltr'>lectoris,</span> <span class='ocrx_word' id='word_1_485' title='bbox 618 3919 664 3990; x_wconf 90' lang='lat' dir='ltr'>qui</span> <span class='ocrx_word' id='word_1_486' title='bbox 673 3930 765 3991; x_wconf 75' lang='lat' dir='ltr'>argute</span> <span class='ocrx_word' id='word_1_487' title='bbox 778 3934 825 3985; x_wconf 85' lang='lat' dir='ltr'>ea,</span> <span class='ocrx_word' id='word_1_488' title='bbox 839 3934 896 3989; x_wconf 82' lang='lat' dir='ltr'>quse</span> <span class='ocrx_word' id='word_1_489' title='bbox 906 3931 1007 3970; x_wconf 87' lang='lat' dir='ltr'>remota</span> <span class='ocrx_word' id='word_1_490' title='bbox 1019 3933 1096 3988; x_wconf 86' lang='lat' dir='ltr'>sunt,</span> 
     </span>
    </p>
   </div>
   <div class='ocr_carea' id='block_1_5' title="bbox 53 3995 1188 4080">
    <p class='ocr_par' dir='ltr' id='par_1_5' title="bbox 53 3995 1188 4080">
     <span class='ocr_line' id='line_1_47' title="bbox 53 3995 1188 4080; baseline -0.01 -16"><span class='ocrx_word' id='word_1_491' title='bbox 53 4008 188 4070; x_wconf 77' lang='lat' dir='ltr'>arcessita</span> <span class='ocrx_word' id='word_1_492' title='bbox 198 4015 349 4078; x_wconf 80' lang='lat' dir='ltr'>comperet,</span> <span class='ocrx_word' id='word_1_493' title='bbox 361 4004 450 4076; x_wconf 82' lang='lat' dir='ltr'>potius</span> <span class='ocrx_word' id='word_1_494' title='bbox 468 4020 547 4080; x_wconf 79' lang='lat' dir='ltr'>quana</span> <span class='ocrx_word' id='word_1_495' title='bbox 564 4012 650 4074; x_wconf 78' lang='lat' dir='ltr'>poetae</span> <span class='ocrx_word' id='word_1_496' title='bbox 666 3997 745 4074; x_wconf 86' lang='lat' dir='ltr'>culpa</span> <span class='ocrx_word' id='word_1_497' title='bbox 763 3997 819 4054; x_wconf 78' lang='lat' dir='ltr'>tisri</span> <span class='ocrx_word' id='word_1_498' title='bbox 837 3995 933 4054; x_wconf 80' lang='lat' dir='ltr'>dicam.</span> <span class='ocrx_word' id='word_1_499' title='bbox 950 4000 1020 4054; x_wconf 82' lang='lat' dir='ltr'>Num</span> <span class='ocrx_word' id='word_1_500' title='bbox 1034 4001 1094 4072; x_wconf 51' lang='lat' dir='ltr'>pris</span> <span class='ocrx_word' id='word_1_501' title='bbox 1182 4049 1188 4070; x_wconf 64' lang='grc'><strong>,</strong></span> 
     </span>
    </p>
   </div>
   <div class='ocr_carea' id='block_1_6' title="bbox 0 0 1350 4596">
    <p class='ocr_par' dir='ltr' id='par_1_6' title="bbox 0 0 1350 4596">
     <span class='ocr_line' id='line_1_48' title="bbox 0 0 1350 4596; baseline 0 0"><span class='ocrx_word' id='word_1_502' title='bbox 0 0 1350 4596; x_wconf 95' lang='lat' dir='ltr'> </span> 
     </span>
    </p>
   </div>
  </div>
 </body>
</html>
