2718 4594
332 301 568 370 AENEIDOS
590 304 745 372 LIBER
767 309 853 378 XII.
1049 323 1108 390 301

65 423 117 490 Ut
127 427 274 519 primum
285 427 347 490 fari
357 429 481 514 potuit,
494 427 541 494 sic
552 429 669 494 institit
680 454 737 496 ore
749 456 756 496 z

68 566 87 596 a
98 537 206 618 Quam
215 557 277 624 pro
287 556 341 597 me
351 555 463 597 curam
472 534 573 620 geris,
586 532 671 601 hanc
682 560 814 624 precor,
827 556 976 628 optume,
987 569 1049 636 pro
1058 574 1113 616 me

61 644 239 729 DeponeS,
252 640 422 728 letumque
435 637 520 704 sinas
532 663 593 728 pro
605 639 703 705 leude
714 645 846 731 pacisci.

61 748 109 812 Et
122 747 274 825 nostele,
288 760 395 834 pater,
409 744 603 834 ferrumque
616 745 706 810 haud
719 746 828 814 debile
841 749 954 818 dextra
1084 775 1113 821 5»

59 851 271 941 Spargimus,
286 865 319 914 et
330 863 444 914 nostro
456 850 606 938 sequitur
618 849 660 915 de
672 853 807 918 volnere
819 859 961 945 sanguis.

61 959 182 1046 Longe
195 957 242 1020 illi
255 954 316 1020 dea
328 969 433 1018 mater
446 955 520 1034 erit,
535 979 609 1043 quae
622 956 710 1022 nube
724 959 875 1047 fugacem

59 1063 224 1127 Feminea
235 1076 337 1149 teget,
350 1075 383 1124 et
394 1059 486 1124 vanis
499 1083 570 1126 sese
584 1062 712 1127 occidat
724 1064 859 1131 umbrie
872 1097 885 1127 2,

59 1277 110 1341 713
119 1277 227 1333 videtur;
239 1278 282 1324 etsi
292 1275 404 1323 defendat
415 1274 475 1322 illud
483 1275 531 1322 Jul.
543 1277 654 1338 Sabinus,
665 1291 693 1325 ut
702 1282 745 1326 sit:
756 1281 872 1329 intuendo
881 1283 1114 1344 Latinumqordescr‘t-

57 1365 108 1414 que
119 1343 188 1394 etiam
199 1347 267 1394 Goth.
278 1363 338 1406 sec.,
349 1359 372 1393 et
382 1348 463 1394 tuendo
473 1350 542 1394 etiam
552 1348 626 1395 Color.
637 1351 732 1397 odiendo
745 1352 787 1397 Ed.
802 1369 838 1415 pr.
848 1354 940 1409 Burm,
953 1356 994 1400 sed
1006 1361 1113 1408 medendo

55 1424 154 1484 passive
163 1435 251 1482 ponere
259 1421 347 1482 potuit,
355 1435 428 1481 quum
439 1420 498 1466 adeo
505 1421 621 1466 medendo
629 1419 755 1467 vehendini
762 1425 887 1470 Suetonius
897 1425 993 1484 dixerit,
1005 1442 1031 1475 ut
1041 1449 1114 1494 appa-

55 1503 125 1546 reat,
139 1493 208 1536 etiam
218 1490 302 1534 mederi
312 1488 438 1553 aliquando
452 1493 565 1554 passivam
577 1493 623 1538 vim
635 1491 751 1539 habuisse.
764 1495 835 1540 Recte
845 1497 908 1541 Serv.
920 1498 1040 1555 medendo,
1055 1501 1112 1548 dum

55 1563 85 1606 ei
94 1560 204 1607 medetur
212 1572 235 1606 et
244 1559 359 1606 medicina
371 1561 476 1606 affertur.
486 1587 518 1596 —
529 1561 567 1625 47.
580 1565 611 1607 sic
624 1565 701 1626 incipit
709 1579 747 1609 ore
758 1563 835 1626 vulgg.
847 1576 901 1610 ante
911 1566 1046 1614 Commelin.
1059 1557 1114 1616 cum

53 1631 148 1678 Medio.
164 1632 224 1678 Ven.
237 1631 364 1687 Seheffer.;
374 1631 435 1678 adde
448 1631 518 1677 Goth.
530 1649 580 1694 pr.,
595 1634 636 1680 sed
650 1637 723 1681 ceteri
735 1637 826 1691 destitit,
839 1635 903 1698 quod
917 1653 997 1686 omnes
1011 1641 1113 1688 Pieriani

56 1701 221 1748 exhibebant:
232 1701 304 1764 idque
316 1701 414 1747 doctius.
424 1727 456 1738 -
464 1701 504 1758 48.
521 1717 614 1748 causam
629 1707 688 1768 peris
707 1705 818 1751 Parrhas.⁸
828 1729 860 1740 -
875 1707 911 1751 5ο.
927 1709 1030 1755 dextrum
1041 1711 1111 1756 Goth.

55 1785 115 1818 tert.
127 1799 159 1810 —
171 1775 208 1820 52.
220 1789 287 1838 quem
297 1777 320 1818 in
329 1772 383 1818 urbe
394 1773 436 1818 Ed.
449 1790 485 1837 pr.
495 1775 573 1820 Burrn.
582 1800 615 1810 -
625 1775 661 1820 53.
674 1777 701 1820 ln
710 1776 762 1822 his:
777 1791 828 1840 quse
841 1777 900 1822 nube
912 1779 1020 1841 firqacem
1036 1784 1118 1827 Femi-'

54 1859 103 1889 nea
114 1853 185 1908 tepet,
197 1853 221 1890 et
230 1847 293 1889 vanu
302 1859 350 1890 sese
361 1842 450 1889 occulat
459 1842 555 1899 umbris,
567 1844 715 1890 incommode
728 1848 809 1908 utique
819 1861 867 1891 sese
877 1846 906 1891 ad
915 1849 1031 1894 Venerem
1041 1852 1113 1897 trahit

53 1919 211 1973 sententiam,
219 1933 292 1980 quum
302 1916 331 1962 de
340 1918 410 1961 dines
420 1915 446 1961 id
454 1915 537 1962 melius
549 1916 648 1962 dicatur.
657 1917 790 1963 offendisse
803 1917 884 1964 adhoc
892 1916 947 1963 olim
956 1923 1017 1966 viros
1029 1923 1111 1969 doctos

54 2001 88 2032 ex
94 1986 171 2032 Cerda
181 1986 260 2042 disco,
272 2002 345 2049 quum
355 1985 414 2032 adeo
424 1997 512 2040 essent,
524 1987 566 2047 qui
573 2001 617 2046 pro
626 2001 678 2031 eum
686 1987 788 2047 positum
795 1997 913 2047 putarent.
925 1988 1004 2032 Potest
1011 1994 1109 2052 reponi:

52 2059 82 2102 Si
96 2058 178 2103 Venus
192 2073 217 2104 se
231 2056 346 2111 occuluit,
367 2055 449 2101 eadem
465 2055 528 2100 nube
547 2054 672 2101 occultavit
684 2055 754 2100 simul
767 2069 834 2100 suum
846 2053 932 2111 tilium
949 2056 1016 2102 licuit
1031 2071 1110 2105 autem

52 2140 133 2191 poetae
143 2144 233 2191 ponere
247 2127 272 2173 id
288 2128 353 2190 quod
361 2127 477 2184 remotius
490 2138 556 2172 esset.
569 2126 616 2171 Sed
628 2126 657 2171 ad
671 2127 887 2188 interpunctionem
901 2128 1021 2177 attendere
1036 2130 1109 2176 dehe-

51 2199 115 2243 bant
128 2201 269 2259 interpretes
279 2212 285 2242 t
300 2211 346 2260 qua
357 2206 445 2242 munta
459 2198 537 2254 omnia
552 2196 635 2242 ordine
645 2211 687 2243 suo
697 2194 830 2258 procedunt
840 2212 846 2241 :
860 2197 934 2261 inope
943 2195 978 2243 illi
987 2199 1029 2244 dea
1038 2209 1111 2246 mater

51 2272 110 2326 erit,
121 2284 176 2334 quoe
186 2267 357 2331 nubefuqocem
372 2269 478 2313 Feminea
488 2276 558 2332 tepet:
570 2277 592 2312 et
605 2271 669 2314 vonis
682 2283 731 2314 sese
740 2261 830 2332 occului
841 2268 937 2326 umbris,
949 2285 980 2316 se.
994 2270 1044 2318 ille.
1059 2273 1108 2319 Nec

51 2353 164 2387 autumes
175 2343 209 2386 sic
219 2339 369 2386 scribendum
377 2340 448 2386 fraisse
456 2338 552 2392 croniet,
563 2340 627 2404 quod
636 2343 732 2403 proprie
740 2341 807 2403 sequi
819 2339 927 2388 debebat.
940 2344 998 2388 Nem
1008 2343 1108 2390 alterum

51 2426 105 2456 non
113 2410 186 2455 modo
194 2421 266 2465 recte,
274 2410 315 2456 sed
323 2413 392 2456 etiam
402 2410 530 2472 elegantius
539 2412 639 2468 dicitur,
649 2415 737 2458 variato
745 2423 798 2474 post
809 2414 874 2474 prius
884 2424 988 2476 tempore
997 2430 1003 2461 ε
1012 2428 1039 2462 ut
1047 2415 1108 2463 solet

51 2483 164 2544 inprimis
173 2481 240 2526 Maro
249 2492 336 2528 noster.
346 2483 391 2528 Pro
403 2483 509 2529 Feminea
517 2484 554 2530 Jo.
567 2473 688 2532 Schrader.
699 2485 762 2548 conj.
774 2481 890 2540 Cerialem
900 2495 924 2530 et
933 2501 987 2531 mox
996 2495 1022 2534 ut
1030 2490 1106 2545 vanis,
1146 2509 1148 2516 ¹

53 2551 102 2599 hoe
112 2567 164 2598 non
173 2549 242 2596 male.

1 2729 2 2734 ¹
53 2733 185 2786 sabulum
196 2733 361 2806 provulgari
374 2737 561 2808 erescit,prae·
604 2739 686 2790 Color
694 2741 722 2792 in
731 2738 773 2792 his
782 2757 833 2790 vss.
844 2739 989 2810 idem„qui
997 2739 1074 2792 llied.
1083 2763 1106 2808 i,

1 2863 2 2880 ,
50 2815 143 2877 velet,
157 2827 186 2866 ut
200 2833 259 2885 sup.
272 2818 309 2882 11,
323 2815 374 2884 759
381 2817 504 2892 flemme
516 2835 559 2868 ex·
604 2817 757 2888 435...437,
771 2832 797 2870 at
810 2817 887 2870 lliad.
899 2821 928 2883 d,
941 2817 993 2871 510
1001 2838 1057 2870 non
1066 2838 1105 2871 sa·

51 2906 183 2966 superant
189 2916 199 2956 ‚·
212 2907 253 2946 est
265 2914 296 2946 ex
305 2896 445 2964 ὑπιρίσχειν.
604 2899 637 2948 tis
649 2900 782 2951 convenit.
790 2927 826 2937 —-
835 2897 876 2949 52.
887 2897 977 2970 Lonqe
987 2896 1030 2948 itti
1038 2899 1103 2949 erit:

89 2975 136 3046 49.
161 2973 243 3026 letum
265 2994 314 3047 pro
338 2975 417 3028 laude
438 2976 538 3048 pacisci
550 3015 558 3042 ,
604 2976 720 3028 formula
732 2967 864 3028 ruinarum
879 2977 1006 3045 frequens
1019 2977 1105 3047 inpri-

51 3053 110 3110 sini
116 3050 196 3110 seiont
203 3068 316 3108 mortem
324 3057 513 3127 recipere,non
521 3075 560 3108 re·
603 3057 652 3108 mis
660 3057 761 3127 poetis,
773 3073 798 3105 v.
807 3054 908 3118 Cerdo,
921 3065 947 3105 et
961 3053 995 3104 ad
1004 3055 1103 3107 Tibull.

51 3153 167 3198 eusare3
176 3133 229 3188 hoc
237 3150 288 3202 est,
297 3135 350 3190 leto
359 3135 489 3200 redimere
498 3135 559 3188 lau·
602 3137 629 3200 l,
645 3134 677 3200 5,
691 3154 723 3202 2,
736 3135 816 3186 etiarn
827 3133 925 3184 Grecis
938 3133 1063 3203 exemplis
1076 3134 1105 3184 il-

40 3217 135 3292 ¹dem,
148 3216 269 3288 gloriam.
282 3217 375 3268 Lenem
388 3228 493 3280 autern,
510 3234 558 3267 cu·
602 3213 750 3266 lustranda.
763 3213 794 3264 ln
805 3229 857 3263 vss.
872 3210 914 3264 52.
929 3213 970 3265 53.
983 3214 1105 3266 Homeri-

47 3303 95 3370 jus
106 3295 558 3369 saltemdiscrimensubibatpugna
603 3312 661 3346 cam
671 3295 852 3346 narrationem
861 3291 938 3344 lliad.
949 3311 972 3352 s,
983 3293 1031 3344 311
1043 3311 1102 3364 sqq.

49 3388 191 3447 suscepta.
209 3378 280 3428 conf.
294 3377 341 3427 inf.
363 3377 405 3446 74.
422 3375 507 3448 Supra
517 3377 556 3444 V,
602 3374 716 3444 respici,
732 3392 781 3443 per
799 3390 827 3423 se
841 3383 922 3442 patet.
935 3401 971 3409 -
985 3371 1028 3424 53.
1040 3373 1101 3426 vid.

49 3461 107 3514 230
120 3455 217 3509 eodem
228 3474 307 3508 sensu
323 3457 404 3507 vitam
418 3476 467 3527 ppo
479 3455 558 3510 laude
602 3454 665 3505 Ver.
677 3453 749 3504 Lect.
762 3451 934 3500 Distinximus
945 3462 1006 3520 post
1019 3461 1102 3524 teqat;

47 3536 155 3612 pacisci
173 3548 230 3588 erat
244 3533 353 3587 dictum.
370 3535 475 3587 Scilicet
493 3556 557 3607 pao-
603 3551 656 3603 quo
676 3533 748 3584 facto
766 3529 819 3581 loci
836 3528 978 3581 difficultas
998 3531 1103 3585 sublata

1 3641 2 3648 ¹
49 3622 129 3671 tione
142 3627 169 3667 et
185 3614 279 3666 damus
297 3613 398 3684 aliquid
415 3625 442 3665 et
458 3616 557 3684 accipi·
601 3611 759 3682 estxlonye
775 3606 817 3658 illi
833 3609 881 3661 dea
898 3618 982 3660 mater
998 3610 1099 3676 erit,....

1 3706 3 3732 r
48 3715 131 3758 mus;
144 3707 288 3765 utrumque
302 3693 401 3765 pacisci
417 3692 555 3765 designare
600 3703 627 3742 et
635 3691 707 3742 vanis
717 3689 758 3760 (h.
771 3708 792 3740 e.
806 3689 835 3738 in
846 3689 958 3759 vanum)
967 3707 1017 3741 sese
1027 3708 1101 3742 oeen-

48 3788 162 3849 potest:
181 3773 301 3844 adeoque
317 3785 345 3824 et
359 3773 446 3823 vitam,
457 3772 557 3840 pacisci
602 3765 639 3822 lat
655 3771 720 3842 (pro
733 3767 853 3836 occulet)
872 3769 968 3820 umbris
977 3807 985 3834 ,
1004 3772 1099 3840 quibus

50 3859 114 3930 quis
127 3867 155 3907 et
168 3866 281 3906 mortem
292 3863 397 3924 potest,
411 3849 482 3901 illam
497 3850 556 3902 red·
600 3850 645 3900 ille
659 3862 735 3902 antea
748 3847 939 3918 nubewamatre
951 3846 1032 3918 (unde
1042 3869 1099 3901 ma·

51 3935 190 4000 dendum‚
207 3932 278 3986 hane
296 3930 443 3984 ferendam.
464 3960 493 3970 -
512 3929 554 3982 51.
601 3942 676 3982 terna
687 3941 713 3981 et
724 3947 796 3980 nunc
805 3927 926 3999 feminea
939 3928 1034 4001 nubes)
1044 3942 1101 3980 tec-

51 4025 143 4072 nostro
159 4011 285 4080 vulnere,
305 4009 379 4084 quod
395 4028 444 4082 ego
460 4011 555 4066 infero.
600 4024 658 4080 tus,
673 4007 822 4064 occultatus
834 4011 930 4062 fuerat.
