2736 4598
226 285 284 367 rat
431 253 434 258 ’
466 286 500 349 Ρ.
525 283 1009 354 vitiumnumerus

222 411 267 472 Ut
279 430 404 496 prome
416 407 527 474 bo'stili
538 373 667 496 partirer
679 406 857 473 succedere
870 407 1007 490 dextrae,

221 514 328 596 Quem
340 515 457 600 genui?
467 515 582 578 Tuane
594 512 665 578 baec
677 513 805 600 genitor
816 537 877 602 per
887 515 1022 580 volnera
1034 533 1162 597 sertor,

221 620 329 682 Morte
341 634 398 682 tua
408 619 543 683 vivens?
555 621 645 698 Heu,
658 641 747 684 nunc
758 620 879 684 misero
891 618 973 683 mihi
985 619 1120 686 demum

220 724 362 788 Exilium
374 724 499 788 infelix!
514 747 601 789 nunc
613 723 677 788 alte
690 724 808 789 volnus
819 723 988 790 adactum!
1217 739 1263 787 83·

221 828 316 893 Idem
328 851 404 918 ego,
417 846 506 909 nate,
519 846 613 894 tuum
625 830 785 894 maculavi
796 832 933 896 crimine
946 854 1083 913 nomen,

219 938 336 1002 Pulsus
348 936 391 1002 ob
403 936 560 1002 invidiam
572 937 654 1002 solio
667 939 870 1028 sceptrisque
882 941 1039 1026 paternis.

219 1045 405 1110 Debueram
418 1046 530 1133 patriae
542 1066 655 1133 poenas
668 1042 819 1134 odiisque
831 1069 982 1110 meorum
996 1070 1003 1110 :

220 1152 335 1216 Omnis
348 1175 408 1238 per
418 1167 541 1216 mortes
552 1152 695 1216 animam
708 1168 838 1216 sontem
850 1153 921 1239 ipse
933 1150 1113 1217 dedissem!

220 1260 316 1324 Nunc
327 1260 417 1322 vivo!
431 1280 540 1346 neque
552 1256 661 1322 adbuc
672 1257 824 1322 homines
835 1258 1012 1347 lucemque
1023 1257 1192 1346 relinquo!
1217 1269 1261 1317 855

222 1415 395 1478 corb—8117.
408 1413 551 1460 succumbere
566 1427 623 1462 vett.
638 1414 707 1461 codd.
719 1417 831 1462 Prisciani
845 1415 886 1461 lib.
899 1413 952 1460 XVI
965 1431 1017 1462 cun
1027 1413 1074 1462 nt.
1086 1441 1117 1452 -
1127 1413 1181 1476 849.
1197 1416 1233 1460 M.
1248 1424 1264 1460 t

215 1493 307 1555 juvenis
317 1486 405 1532 Zalicb.
418 1499 441 1531 et
453 1501 495 1547 pro
504 1501 552 1531 var.
565 1484 619 1531 leet.
629 1501 665 1548 pr.
675 1487 757 1531 llamb.
767 1511 798 1522 -·
808 1485 860 1533 850.
873 1488 975 1532 Exitium
985 1503 1037 1534 cum
1045 1487 1097 1533 sid.
1107 1503 1143 1549 pr.
1155 1485 1265 1548 pictique
1344 1529 1345 1532 ,

221 1566 282 1609 Pier.
298 1561 366 1605 etiarn
382 1559 447 1602 Rom.
453 1591 461 1614 ,
473 1568 523 1602 tum
540 1555 626 1602 Medic.
646 1570 669 1603 et
689 1559 760 1603 ceteri
773 1557 822 1604 fere
834 1573 922 1604 omnes.
934 1559 1007 1604 Etiam
1025 1559 1071 1606 boc
1082 1569 1119 1604 est
1132 1555 1265 1618 exemplum

220 1643 347 1680 consensus
358 1627 478 1681 codicum,
491 1626 660 1674 emendationis
671 1630 767 1674 veritate
780 1629 908 1680 inferioris.
922 1631 969 1674 Etsi
989 1631 1050 1674 enim
1066 1629 1173 1692 adiuvari
1188 1637 1266 1689 potest
1345 1612 1346 1640 l

223 1720 249 1750 ea
264 1695 335 1747 lectio
349 1700 552 1760 interpunctione:
571 1714 630 1744 nunc
642 1701 722 1744 misero
740 1698 794 1744 mibi
809 1701 897 1744 demum
911 1701 1025 1746 Exitium!
1039 1699 1131 1764 mfels'rt!
1145 1714 1206 1744 nuuc
1221 1695 1267 1742 alte

219 1771 299 1819 volnus
308 1769 425 1824 adactum,
436 1781 543 1814 attamen
553 1765 645 1814 exilium
651 1803 658 1825 ,
668 1770 732 1832 qaod
742 1769 859 1834 pleraeque
868 1782 922 1816 vett.
932 1770 985 1816 edd.
994 1770 1094 1825 babent,
1104 1782 1127 1817 et
1136 1770 1265 1830 Naugerius

221 1841 313 1896 intulit,
324 1839 693 1902 verumes13hocenimprimum
704 1853 764 1896 erat,
776 1841 840 1904 quod
850 1841 875 1886 in
884 1839 994 1887 Mezentii
1002 1841 1094 1887 fortuna
1105 1852 1180 1903 poetae
1188 1840 1265 1884 animo

220 1928 343 1960 occurrere
357 1922 455 1973 poterat.
468 1913 526 1955 Sunt
537 1923 615 1957 antem
625 1909 708 1966 codd,
720 1913 761 1974 qui
773 1923 895 1966 tueantur,
906 1911 967 1956 Gud.
981 1927 994 1956 a
1007 1926 1038 1955 m.
1048 1926 1084 1973 pr.
1096 1925 1140 1973 pro
1149 1909 1197 1956 div.
1210 1906 1264 1953 lect.

219 1983 330 2030 llottend.
346 1981 411 2028 Leid.
427 1994 450 2028 et
463 1996 509 2027 sec.
524 1983 616 2042 Menag.
627 1998 679 2027 curn
690 1982 758 2028 Gotb.
769 1997 805 2044 pr.
816 1998 875 2027 nuuc
886 1992 962 2027 cutum
972 1980 1051 2028 uolnus
1062 1979 1160 2027 Dorvill.
1170 2005 1202 2015 -
1211 1978 1263 2025 851.

219 2054 302 2102 υίοὶαυι·
309 2055 385 2099 Lutat.
398 2053 428 2098 ad
440 2055 495 2098 Stat.
502 2053 534 2097 lll
542 2052 616 2098 Theb.
626 2053 679 2115 697.
688 2079 719 2088 -
729 2051 782 2099 852.
791 2051 875 2098 Pulsus
886 2052 913 2100 ob
924 2052 1029 2097 invidiam
1040 2067 1106 2116 raquo
1115 2050 1178 2095 idern
1188 2051 1263 2094 Ducat.

220 2126 278 2172 ibid.
298 2141 326 2170 es
342 2117 382 2170 lib.
400 2121 444 2178 xl,
461 2125 513 2184 539.
530 2126 574 2170 nisi
591 2136 615 2169 et
627 2123 680 2180 bic,
697 2123 774 2186 inquit
792 2125 882 2179 Burm,
899 2139 966 2186 rrquo
981 2123 1038 2184 legit
1051 2138 1094 2185 pro
1105 2118 1167 2168 solur.
1179 2121 1265 2166 Versus

219 2195 291 2256 hujus
300 2211 352 2240 cum
364 2203 414 2258 sqq.
428 2196 542 2240 sententia
554 2194 702 2239 distinctione
715 2203 801 2239 mutata
815 2193 883 2240 aliter
897 2194 1015 2257 procedit,
1026 2205 1102 2258 potest
1114 2194 1177 2238 enim
1193 2203 1218 2238 et
1232 2189 1264 2237 sic
1351 2211 1352 2228 ι

218 2269 368 2331 interpungi:
875 2280 877 2286 ·

312 2339 375 2383 Idem
386 2353 437 2402 eqo,
449 2346 513 2392 uate,
527 2345 589 2381 tuum
600 2335 711 2381 maculam
721 2337 812 2380 crimine
823 2351 912 2382 nomeu.

310 2407 395 2454 Pulsus
405 2407 433 2452 ob
446 2407 551 2451 inurds'rsm
562 2399 617 2450 solio
628 2408 765 2468 sceptrisque
775 2415 890 2468 putemn,

312 2476 440 2522 Debueram
452 2479 533 2538 putria
542 2489 621 2536 poerros
632 2477 732 2538 odiisque
743 2492 850 2523 meorum.

311 2546 393 2594 Omnes
403 2562 445 2610 per
455 2555 536 2592 mortes
547 2548 645 2590 curnam
654 2556 739 2592 sontem
752 2551 797 2610 ipse
809 2547 936 2595 dedissem!

311 2617 379 2662 Nunc
391 2619 448 2660 civo,

218 2687 243 2732 b.
253 2689 359 2743 Utinam,
371 2697 397 2731 nt
408 2681 442 2730 las
453 2696 514 2739 erat,
526 2683 635 2731 omnihus
645 2686 766 2748 suppliciis
777 2689 876 2735 animam
892 2687 1003 2736 efflassetn
1016 2703 1074 2751 eqo,
1086 2695 1109 2734 te
1123 2686 1261 2748 superstite!

218 2760 286 2803 Nunc
297 2761 356 2804 vivo.
367 2758 447 2802 Sentio
457 2768 534 2801 tamen
544 2755 671 2802 desiderari
682 2760 715 2804 sic
728 2756 752 2804 in
763 2761 839 2822 primo
850 2777 919 2808 versu
927 2763 1026 2806 criminis
1037 2761 1149 2805 rationem
1161 2769 1185 2804 ct
1196 2771 1264 2803 caus-

218 2844 266 2874 sam
275 2844 281 2872 :
290 2843 342 2890 quae
356 2829 380 2872 in
392 2825 481 2889 vulgari
495 2829 684 2888 interpunctione
696 2827 757 2877 bene
773 2831 878 2894 subjecta
888 2845 929 2878 est.
939 2857 970 2867 -
979 2831 1032 2879 853.
1045 2831 1145 2893 odir'sque
1154 2823 1264 2873 mulorum

217 2895 332 2943 Montalb.
343 2921 374 2930 -
384 2894 437 2953 854.
461 2896 547 2942 dedisse
567 2895 657 2958 aliquot
679 2899 753 2957 Pier.,
776 2917 907 2964 perperam.
919 2927 950 2938 -
962 2901 1014 2949 855.
1037 2899 1134 2947 lsommes
1151 2902 1264 2962 uitamque

126 3017 131 3027 ,
218 3028 279 3097 847·
294 3026 382 3080 hostili
391 3026 524 3079 succedere
537 3027 640 3080 dextroe.
652 3029 716 3102 Sup.
762 3033 790 3084 in
799 3035 921 3086 Mezentii
930 3036 1039 3086 fortuna
1049 3047 1189 3084 occurrere
1198 3047 1262 3100 poe·

218 3125 269 3158 vss.
282 3125 341 3176 797.
357 3107 415 3176 798.
423 3107 511 3156 AEneae
518 3122 625 3157 manum
635 3107 670 3160 ad
680 3111 718 3162 io·
762 3125 794 3163 tte
806 3115 895 3164 animo
907 3111 1016 3176 debuit,
1034 3128 1094 3162 enm
1106 3126 1188 3177 regno
1200 3107 1263 3178 pul-

218 3199 275 3238 tum
298 3188 368 3256 patri
391 3183 560 3236 inferendum
585 3186 717 3240 sublatam
761 3208 819 3242 sum
842 3191 956 3242 exulare.
977 3215 1013 3228 -·-
1033 3186 1092 3238 850.
1116 3201 1190 3234 nunc
1209 3184 1262 3236 alte

219 3264 336 3316 subierat
348 3265 450 3313 Lausus
458 3273 484 3313 et
491 3261 587 3314 vulnus
597 3279 715 3321 moratus
761 3268 853 3322 volnus
868 3268 1008 3319 adactum:
1019 3264 1137 3333 loquitur
1153 3261 1187 3314 de
1199 3283 1262 3334 pro·

217 3347 322 3408 fuerat,
339 3339 401 3391 dum
421 3353 498 3412 pater
517 3358 714 3415 asportaretur:
759 3349 819 3419 prio
833 3347 941 3397 vulnere
958 3362 982 3392 v.
999 3340 1058 3410 785.
1077 3340 1136 3409 786.
1150 3371 1185 3380 -
1198 3343 1260 3396 851.

218 3439 289 3474 nuno
296 3419 428 3472 succedere
438 3421 542 3486 matre,
550 3435 589 3474 est
597 3423 716 3477 dextram
760 3425 886 3486 crimine,
899 3421 1081 3472 criminatione
1097 3431 1124 3470 et
1136 3419 1217 3482 odio;
1235 3435 1261 3474 te

217 3500 246 3551 b.
256 3519 278 3551 e.
291 3497 386 3549 vulnus
397 3501 517 3568 excipere
528 3501 635 3555 alterius
645 3503 714 3554 loco.
761 3505 886 3555 infamem
899 3512 925 3552 et
935 3497 1059 3550 odiosum
1068 3499 1120 3550 ieci
1130 3502 1195 3552 meis
1205 3519 1262 3553 sce·

217 3607 253 3618 -
263 3577 322 3644 848.
338 3587 383 3628 tua
393 3596 441 3648 per
451 3577 578 3647 vralnera,
594 3600 645 3653 pro
659 3582 718 3634 vul·
761 3579 867 3635 leribus.
878 3607 913 3618 ·-
923 3577 983 3630 853.
995 3576 1055 3645 854.
1066 3579 1226 3644 Debueram,
1237 3583 1260 3631 si

218 3675 297 3716 nere;
312 3668 341 3706 ut
354 3658 409 3725 jam
425 3657 518 3710 millies
534 3659 666 3712 vidimus:
679 3672 718 3710 ta·
761 3658 892 3712 debebam
903 3676 1010 3730 poenam
1025 3658 1126 3710 civibus
1143 3660 1223 3720 meis,
1237 3659 1260 3710 si

218 3753 278 3786 men
290 3752 362 3786 nunc
375 3749 531 3806 argutantur
550 3755 609 3789 cum
626 3738 716 3790 Servio
737 3760 739 3766 ¹
760 3736 882 3790 merebar
891 3749 1020 3790 mortem:
1034 3739 1135 3789 utinam
1151 3738 1207 3806 ipse
1221 3738 1259 3788 vi·

218 3814 324 3884 lntpp.,
337 3826 363 3864 et
374 3814 468 3864 volunt
478 3814 512 3867 ad
522 3815 647 3868 invidiam
658 3820 714 3868 e'sse
758 3829 812 3868 tarn
820 3853 829 3881 ,
838 3816 880 3868 vel
890 3816 1013 3869 omnibus
1024 3814 1160 3886 suppliciis
1169 3814 1259 3886 expul-

219 3889 328 3942 dictum.
341 3889 461 3942 Exilium
477 3893 602 3964 preclare
614 3911 714 3945 memo·
759 3912 834 3962 sam,
852 3894 1028 3948 reddidissem
1051 3895 1191 3964 superstite
1213 3897 1255 3947 te!

223 3983 277 4034 rat3
290 3969 342 4025 boc
354 3973 424 4026 euim
436 3974 552 4044 primum
561 3985 631 4040 erat,
642 3972 716 4045 quod
759 3975 793 4031 At
804 3976 961 4044 nunc-vivo,
974 3988 1000 4029 te
1011 3975 1116 4046 erepto!
