2690 4596
244 59 263 89 θ

227 261 290 347 390
570 259 839 326 excursus
863 260 946 346 111,

223 380 364 454 felicibus,
376 393 443 448 esto,
460 381 659 454 Compensat...
674 383 736 436 Neo
750 383 827 436 Troos
829 379 894 455 fieri
898 382 1001 453 jubeas,
1014 395 1067 436 etc.
1080 381 1209 435 &terum
1222 380 1273 446 ills,
1324 442 1325 452 ἵ

228 479 286 531 que
299 477 379 532 supra
390 465 419 516 in
430 464 502 534 pacis
514 462 713 516 conditionibus
722 455 852 528 vidinius,
864 476 895 515 ut
905 463 1013 516 batim
1024 464 1134 535 imperii
1146 481 1273 514 summam

227 541 365 611 retineret,
384 556 441 596 tum
461 543 513 596 hoc
529 566 535 596 ι
556 557 585 596 ut
599 562 761 608 samonem,
774 542 910 608 habitum,
926 562 1024 596 nomen
1035 545 1071 596 ab
1083 543 1274 614 Aboriginibus
1324 557 1325 578 ι

227 621 336 690 Trojani
349 622 542 690 adsciscerent,
552 626 667 695 respexit
676 636 756 695 poeta
768 626 794 675 in
804 623 916 676 Didonis
925 623 989 677 diris
998 624 1046 676 lib.
1057 627 1103 692 w,
1116 625 1182 687 618,
1195 641 1275 693 quom
1324 633 1325 662 l

224 717 316 770 pacem
330 703 451 775 iniquam
461 717 554 769 vocat,
567 705 610 756 cui
621 705 717 756 AEneas
728 721 756 756 se
771 702 949 756 submissurus
963 705 1004 756 sit.
1022 707 1122 756 Parum
1133 700 1276 756 verisimile
1324 735 1325 740 ,

228 791 281 845 est,
295 781 368 850 quod
382 783 471 836 Livius
482 787 507 850 l,
521 803 535 837 a
549 784 644 838 tradite
658 785 761 836 Nomen
777 783 931 835 Latinorum
950 785 1057 854 utrique
1073 785 1148 856 genti
1168 784 1276 854 imposi-

228 867 298 923 tum,
319 871 347 911 ut
363 862 481 916 aduersus
499 875 620 918 tenorem
636 860 699 916 belli
713 879 773 914 cnm
788 861 893 914 Rutulis
912 863 1015 916 animos
1032 863 1214 935 Aboripinom
1231 861 1278 914 sibi

228 935 395 994 conciliaret:
405 961 437 994 ne
447 944 492 996 sub
501 943 657 1011 eodemjare
666 941 751 1006 solnm
759 941 803 996 sed
816 941 895 994 ctiam
906 943 1015 994 semine
1023 961 1113 996 omnes
1124 953 1216 995 emeat.
1325 965 1326 968 ¹

209 1063 221 1092 ,
264 1019 357 1074 Altera
367 1037 407 1076 est
419 1025 569 1077 observatio
589 1025 706 1088 artificii,
725 1041 778 1094 quo
795 1037 875 1094 poeta
892 1043 906 1076 e
923 1023 1003 1076 rebus
1020 1024 1144 1076 attactis
1161 1023 1277 1094 plurimu
1325 1049 1326 1060 ι

229 1115 361 1152 annorum
370 1117 432 1174 post
442 1106 529 1156 AEneae
540 1103 575 1156 ad
583 1105 687 1156 ltaliam
697 1102 799 1156 aditum
810 1103 889 1174 elegit
900 1104 1021 1173 potiora,
1032 1101 1173 1154 distribuit
1183 1119 1215 1153 ac
1226 1099 1279 1149 dis·

229 1179 319 1246 posuit
331 1181 383 1246 sic,
396 1195 426 1233 ut
441 1185 468 1236 in
486 1201 589 1236 summa
606 1183 730 1235 carminis
747 1181 937 1252 comprehendi
952 1200 981 1233 ea
993 1194 1114 1253 possent.
1128 1182 1169 1232 De
1182 1178 1278 1250 quibus

229 1266 260 1304 ut
269 1257 362 1310 melius
372 1273 488 1326 constet,
499 1262 669 1331 subjiciemus
679 1273 807 1332 tanquam
814 1260 864 1312 sub
871 1279 955 1312 unum
965 1261 1090 1314 obtutum
1099 1262 1189 1314 varias
1198 1261 1279 1328 scrip·

229 1343 318 1386 torum
329 1351 448 1391 veterum
459 1340 501 1392 his
513 1340 546 1393 de
559 1341 639 1393 rebus
650 1343 825 1394 narrationes.
901 1359 904 1370 ·

264 1415 355 1470 Fuisse
372 1423 501 1489 primum,
521 1423 567 1492 qni
586 1423 695 1473 omnino
713 1422 849 1492 negarint,
863 1420 906 1472 vel
925 1419 1090 1486 dubitarint,
1108 1437 1143 1471 an
1159 1434 1277 1488 unquam

229 1495 326 1548 AEneas
338 1499 441 1552 ltaliam
454 1500 563 1564 adierit3
583 1501 663 1566 alios,
677 1503 722 1572 qui
734 1500 831 1554 adiisse
843 1500 964 1572 quidem,
978 1501 1039 1565 sed,
1055 1500 1176 1551 Arenio
1187 1497 1278 1549 relicto

229 1589 327 1644 regns),
336 1577 364 1628 in
373 1578 464 1632 Asiam
474 1579 583 1658 rediisse
596 1580 767 1645 tradiderint,
777 1593 905 1650 utrosque
914 1597 999 1652 prava
1008 1579 1214 1631 Homericomm
1223 1593 1278 1627 ver-

229 1667 306 1704 suum
314 1655 533 1728 interpretatione
540 1659 680 1725 adductos,
685 1663 742 1731 jam
749 1659 803 1712 alio
812 1661 873 1712 loco
883 1661 1012 1711 monitum
1022 1672 1076 1712 est:
1084 1659 1203 1728 Disquis.
1213 1658 1250 1720 ll,
1258 1671 1276 1703 s.

228 1731 253 1780 ll
266 1748 305 1802 sq.
319 1736 353 1786 cf.
366 1736 474 1810 Dionys.
485 1741 510 1805 l,
523 1739 565 1793 ⁵3.
578 1739 630 1793 Sed
637 1758 744 1804 eorum,
755 1742 801 1810 qui
811 1741 898 1792 AEneae
910 1757 1047 1792 accessum
1059 1739 1096 1791 ad
1106 1738 1216 1790 ltaliam
1225 1749 1278 1786 tan·

229 1829 310 1882 quam
326 1814 497 1872 historiarum
514 1819 567 1873 fide
588 1833 726 1892 acceptam
745 1819 925 1886 tradiderant,
943 1819 1081 1892 vulgarem
1097 1819 1278 1871 narrationem

229 1889 300 1944 hanc
314 1900 439 1968 apposuit
451 1899 593 1973 Dionysius
607 1901 654 1953 lib.
671 1902 697 1966 l,
714 1899 762 1967 56,
775 1918 857 1970 quarn
870 1899 986 1952 breviter
997 1898 1042 1951 hic
1054 1899 1278 1961 memorabimus,

230 1983 274 2038 ut,
287 1993 345 2044 qua
358 1992 439 2049 poeta
455 1994 546 2034 noster
558 1981 620 2034 inde
633 1994 680 2033 aut
691 1980 869 2047 transtulerit,
880 1992 926 2031 aut
937 1981 1098 2046 immutarit,
1113 1997 1169 2030 uno
1183 1977 1278 2030 bansta

231 2058 358 2124 cognosci
364 2062 456 2130 possit.
465 2061 617 2129 Quividere
625 2061 698 2114 volet
706 2080 752 2127 ca,
763 2079 821 2132 quse
833 2059 879 2112 alii
891 2059 997 2113 diversa
1005 2059 1192 2123 tradiderunt,
1204 2057 1279 2108 adeat
1328 2087 1329 2090 =

230 2130 347 2201 Livium,
360 2137 531 2206 Strabonem,
545 2142 635 2194 Aurei.
652 2143 801 2207 Victorem,
819 2139 894 2192 alios.
910 2138 998 2210 Capto
1010 2141 1092 2211 igitur
1104 2157 1136 2191 ex
1148 2140 1203 2190 suis
1215 2136 1279 2188 alba

231 2209 288 2262 fetu
303 2225 407 2268 ostento
422 2234 558 2272 narratum
570 2233 624 2286 est,
636 2220 738 2285 AEnea,
750 2222 778 2271 in
790 2217 931 2272 condenda
943 2217 1023 2282 urbe,
1037 2235 1095 2288 quse
1108 2215 1280 2268 moxLarinii
1329 2287 1330 2290 Ἴ

231 2307 330 2344 nomen
341 2311 486 2365 acceptura
498 2312 554 2352 erat
566 2300 645 2370 (uam
657 2299 692 2352 de
703 2300 755 2352 hac
768 2299 813 2354 ille
825 2300 957 2369 loquitur,
970 2315 1025 2350 non
1034 2297 1069 2350 de
1078 2297 1160 2366 Troja
1168 2296 1193 2368 ),
1203 2313 1280 2346 occu·

230 2383 310 2440 pato,
322 2379 506 2444 supervenisse
518 2381 641 2432 Latinum
653 2400 756 2452 regem,
774 2382 892 2451 quitum
910 2379 1037 2432 adversus
1055 2378 1171 2431 Rutulos
1190 2377 1277 2447 copias

232 2447 367 2503 eduxerat.
379 2455 475 2506 Moniti
487 2471 599 2529 uterque
610 2461 638 2510 in
650 2461 778 2529 sequente
789 2471 882 2523 nocte,
895 2457 963 2510 alter
973 2477 989 2510 a
999 2457 1159 2522 Penatibus,
1172 2452 1278 2507 alterab

231 2525 313 2582 beroe
321 2531 440 2604 Indigete
449 2554 498 2606 per
510 2540 594 2590 visum
604 2538 706 2604 oblato,
717 2557 798 2610 quum
807 2538 863 2592 dies
875 2538 1012 2603 illuxisset,
1024 2538 1114 2590 loedus
1124 2539 1196 2590 inter
1204 2555 1232 2588 se
1242 2535 1280 2585 la·

231 2609 319 2677 ciunt,
332 2614 405 2683 quod
421 2634 503 2688 supra
519 2632 695 2672 memoratum
713 2631 766 2682 est;
786 2631 842 2670 tum
860 2621 969 2688 Trojani
985 2637 1046 2672 cum
1063 2620 1165 2671 Latinis
1181 2617 1277 2669 bellum

232 2687 358 2744 adversus
374 2695 486 2749 Rutulos
505 2700 649 2770 repetitum
666 2699 741 2752 brevi
759 2697 918 2763 conficiunt,
938 2697 1056 2768 indeque
1076 2699 1178 2752 reversi
1189 2695 1277 2747 urbem

231 2769 388 2840 absolvunt,
399 2777 502 2830 Lauinii
514 2781 622 2832 nomine
634 2780 769 2850 imposito.
778 2779 861 2831 Erant
868 2796 976 2850 qnoque
987 2777 1087 2848 templa
1100 2789 1127 2830 et
1138 2776 1193 2828 alia
1203 2792 1278 2826 orna·

230 2865 319 2905 menta
330 2856 448 2924 Lavinii,
460 2877 518 2930 qua
531 2859 567 2912 ad
575 2861 686 2912 AEnearn
697 2873 833 2912 auctorem
844 2858 1029 2911 referebantur
1038 2858 1168 2929 (Dionys.
1181 2859 1206 2921 l,
1218 2856 1252 2921 (il
1260 2856 1277 2925 )

231 2931 365 2987 Hactenus
375 2935 497 3007 Trojanis
510 2939 573 2991 solis
585 2940 762 3010 imperaverat
773 2940 883 3002 AEneas,
896 2937 943 2990 sed
955 2949 1061 2990 mortuo
1075 2939 1171 2989 Latino
1182 2937 1209 2987 in
1221 2937 1279 2985 uni.

230 3031 335 3066 versum
350 3035 460 3088 regnum
473 3017 605 3081 succedit3
625 3021 726 3071 factum
744 3017 797 3070 boc
815 3020 842 3068 in
860 3017 933 3070 bello
952 3018 1080 3070 adversus
1095 3017 1221 3080 Rutulos,
1237 3016 1279 3085 qui

230 3095 326 3148 iterum
336 3115 352 3149 a
363 3096 464 3150 Latinis
476 3099 629 3152 defecerant
639 3112 748 3151 auctore
756 3100 861 3164 Turno,
872 3101 988 3164 Amatae,
1000 3100 1087 3150 Latini
1099 3099 1204 3160 uxoris,
1218 3114 1280 3146 cen-

231 3176 355 3243 sobrino,
367 3191 395 3231 et
402 3179 437 3231 ob
448 3181 556 3253 nuptias
567 3180 683 3231 Lauiniae
693 3179 728 3231 ab
737 3179 826 3231 extero
838 3181 1000 3251 interceptas
1009 3181 1092 3242 irato,
1105 3179 1204 3229 Amata
1215 3193 1280 3246 quo

232 3271 284 3323 que
291 3258 442 3329 instigante.
455 3261 495 3310 lta
504 3258 576 3312 bello
584 3257 699 3310 conflato
712 3276 772 3310 acre
784 3258 904 3328 pralium
913 3259 1094 3324 commissum,
1106 3275 1161 3328 quo
1171 3257 1278 3307 Latinus

232 3346 258 3385 et
269 3335 374 3389 Turnus
384 3337 430 3408 (in
442 3356 495 3410 quo
507 3341 641 3392 consentit
649 3339 745 3390 lustin.
756 3337 850 3403 XLlll,
861 3353 891 3402 s,
903 3353 932 3390 ιι
943 3337 1024 3409 )cum
1037 3337 1095 3389 aliis
1108 3335 1279 3406 ceciderunt,

230 3410 328 3464 AEneas
337 3428 426 3468 tamen
438 3419 577 3470 victoriam
590 3417 702 3488 adeptus
714 3429 762 3469 est.
773 3419 832 3468 ileo
842 3429 912 3481 erat,
923 3416 997 3488 quod
1005 3417 1112 3487 Jupiter
1123 3415 1279 3486 praedixerat

231 3491 278 3542 lib.
291 3494 316 3556 1,
331 3494 395 3554 263,
406 3495 511 3546 Bellum
522 3497 612 3569 inqens
618 3506 692 3568 peret
702 3495 782 3548 ltalia
789 3495 952 3568 papulasque
958 3494 1062 3566 feroces
1075 3495 1227 3547 contundet
1233 3507 1277 3545 etc.

229 3571 285 3621 Nec
297 3574 409 3625 multum
420 3575 520 3628 abeunt
531 3579 635 3644 Livius,
647 3577 759 3643 Strabo,
779 3589 806 3630 et
825 3595 939 3648 quorum
957 3579 1049 3648 potior
1068 3577 1219 3628 auctoritas
1238 3576 1279 3627 ha-

230 3647 333 3716 benda,
345 3654 466 3707 Lutatius
477 3657 587 3710 Catulus
600 3657 673 3729 apud
684 3660 784 3711 Victor,
797 3658 830 3710 0.
843 3658 874 3710 G.
886 3660 917 3709 lt.
936 3658 974 3710 13.
991 3659 1060 3710 Cato
1073 3656 1148 3727 apud
1163 3655 1279 3720 Servium

229 3731 275 3793 lV,
287 3729 353 3797 620,
366 3735 416 3784 etsi
426 3733 502 3788 locus
514 3750 665 3809 corruptus.
677 3739 833 3811 Dionysium
845 3737 986 3808 exscripsit
996 3737 1116 3788 Zonaras
1128 3737 1179 3788 Vll
1191 3755 1233 3808 pr.

264 3809 353 3876 Quum
366 3821 453 3862 autem
469 3815 565 3868 AEnees
576 3829 639 3887 post
650 3817 738 3870 Latini
753 3817 857 3886 obitum
877 3815 988 3887 aliquod
1006 3829 1113 3886 tempus
1135 3815 1212 3868 solus
1229 3835 1281 3887 reg·
1329 3867 1330 3892 ,

228 3902 331 3953 nasset,
343 3890 439 3940 iterum
450 3893 614 3946 rebellarunt
624 3899 729 3963 Rutuli,
742 3910 859 3950 assumto
872 3899 899 3948 in
911 3895 1142 3948 bellisocietatem
1152 3897 1281 3948 Mezentio

189 3993 191 4001 ,
225 3970 397 4022 Etruscorum
415 3987 484 4040 rege.
497 3972 671 4028 Commissum
684 3995 739 4030 non
753 3977 832 4050 longe
844 3997 859 4030 a
871 3979 984 4031 Lemnio
996 3975 1122 4049 pralium
1137 3976 1176 4030 ad
1192 3977 1282 4030 Numi·
