2718 4594
345 331 583 406 AENEIDDS
605 334 760 400 LIBER
783 333 870 401 Xll.
1069 346 1130 418 355

89 455 179 519 ..Hei
191 453 289 519 mibi!
306 456 387 546 quid
400 473 491 522 tanto
503 456 677 522 turbantur
688 462 810 537 moenia
821 462 931 528 luctu?
1085 480 1131 530 620
1166 551 1169 555 Ι

86 561 206 642 Quisve
219 563 287 626 ruit
299 579 409 629 tantus
423 563 551 629 diversa
563 563 690 654 clamor
698 565 739 630 ab
752 567 853 636 urbe?
864 597 877 626 n

84 666 134 732 Sic
146 668 205 748 ait,
220 667 441 758 adductisque
454 693 566 734 amens
579 655 725 752 subsistit
737 671 891 737 habenis:

86 775 193 861 Atque
206 774 302 855 huic,
316 777 350 839 in
363 777 482 841 faciem
494 799 587 841 soror
599 794 635 841 ut
647 800 804 842 conversa
816 780 945 845 Metisci

84 882 227 969 Aurigae,
242 906 445 972 currumque
459 901 491 948 et
504 907 607 974 equos
621 902 653 948 et
665 883 734 948 lora
746 885 895 972 regebat,

84 987 219 1054 Talibus
233 991 379 1055 occurrit
391 990 486 1056 dictis
499 1015 505 1054 :
522 1023 535 1050 a
548 995 632 1071 Hac,
645 994 775 1071 Turne,
788 1015 966 1082 sequamur
1086 1013 1130 1060 tat

84 1093 306 1184 Trojugena's‚
321 1120 386 1184 qua
398 1098 504 1185 prima
515 1099 602 1162 viam
614 1099 751 1162 uictoria
762 1097 892 1187 pandit3

83 1197 163 1264 Sunt
174 1202 231 1264 alii
244 1203 305 1290 qui
317 1217 401 1275 tecta
414 1227 514 1267 manu
527 1202 708 1268 defendere
721 1204 858 1292 possint.

84 1305 211 1393 ingruit
223 1310 343 1372 AEneas
357 1309 460 1386 ltalis,
475 1326 508 1372 et
519 1310 631 1396 praelia
643 1311 774 1389 miscet3

84 1412 124 1474 Et
136 1436 196 1478 nos
209 1435 299 1478 saeva
310 1437 410 1477 manu
422 1415 590 1486 mittamus
602 1415 720 1480 funcra
732 1417 880 1480 Teucris.

84 1518 151 1584 Nec
163 1541 307 1584 numero
319 1520 472 1600 inferior,
486 1543 605 1608 pugnae
618 1544 679 1585 nec
692 1520 820 1585 honore
831 1521 978 1588 recedes.
994 1554 1007 1582 a
1085 1539 1131 1586 630

85 1624 219 1690 Turnus
231 1624 275 1690 ad
289 1623 378 1690 baec:

88 1759 101 1788 a
112 1730 141 1796 Ο
152 1753 262 1812 soror,
278 1747 310 1794 et
323 1730 451 1796 dudum
462 1731 620 1820 adgnovi,
634 1757 739 1821 quum
752 1735 858 1821 prima
870 1756 930 1821 per
940 1752 1045 1802 artem

85 1838 222 1902 Foedera
234 1836 391 1917 turbasti,
405 1854 505 1926 teque
518 1837 589 1902 baec
602 1839 635 1901 in
648 1839 734 1902 bella
746 1837 882 1917 dedisti;

84 1943 124 2007 Et
136 1967 226 2010 nunc
238 1940 467 2030 nequidquam
480 1941 565 2006 fallis
579 1941 655 2022 dea3
669 1940 728 2006 sed
741 1943 814 2029 quis
827 1941 969 2030 Olympo

84 2049 270 2114 Demissam
285 2064 392 2110 tantos
404 2046 509 2109 voluit
521 2063 553 2109 te
565 2047 653 2110 ferre
665 2045 813 2110 labores?
1023 2128 1025 2134 Ι
1088 2065 1133 2116 635

111 2201 164 2246 620.
172 2200 253 2248 Eivel
262 2199 314 2244 Heu
321 2195 397 2243 multi.
407 2197 469 2261 quod
476 2205 491 2242 t.
500 2196 590 2242 zulich.
598 2213 611 2243 a
619 2212 649 2241 m.
658 2213 694 2259 pr.
703 2222 733 2232 -
741 2197 795 2242 621.
805 2197 891 2256 Quidve
898 2197 987 2245 Zuliclt.
997 2213 1020 2248 et
1026 2201 1133 2251 Parthas.

82 2269 206 2328 Quisvem‘t
217 2280 238 2316 t.
248 2269 295 2314 nt.
306 2277 379 2314 tantm
386 2279 433 2314 tres
440 2271 518 2313 Burm.
525 2270 557 2314 ad
562 2267 639 2314 urbem
646 2280 700 2314 tert.
710 2268 817 2314 Rottend.
826 2280 849 2314 et
855 2269 946 2332 Hugen.
953 2271 1044 2321 -622,
1054 2283 1076 2320 et
1083 2275 1136 2322 due

84 2343 110 2386 tis
119 2341 210 2388 zulich.
220 2359 236 2387 a
246 2357 276 2386 m.
287 2356 324 2402 pr.
333 2365 365 2375 —
374 2339 427 2386 623.
439 2338 473 2385 bie
484 2338 543 2384 Gud.
556 2357 568 2385 a
581 2356 611 2385 m.
625 2356 660 2402 pr.
674 2337 725 2385 ltine
738 2339 796 2386 alter
809 2339 891 2384 llamb.
903 2341 998 2398 46²4.
1010 2360 1135 2410 currusque

83 2425 139 2458 vett.
152 2413 207 2460 edd.
220 2427 358 2476 curvumque
367 2413 405 2458 ed.
416 2410 470 2457 ttd.
482 2423 537 2474 tert.
546 2412 625 2458 dedit:
636 2411 707 2476 idque
716 2411 774 2458 libb.
785 2413 845 2458 Pier.
856 2423 880 2457 et
889 2413 967 2460 Heius.
978 2427 1073 2462 tuentur
1082 2433 1136 2464 cum

85 2481 146 2528 binis
156 2484 227 2529 Goth.
241 2483 304 2529 cont.
318 2484 363 2539 lX,
379 2497 413 2527 12.
428 2498 521 2528 cunum
537 2486 578 2546 qui
590 2483 638 2528 duo
653 2483 763 2530 Rottend.
777 2481 865 2528 tenebat
875 2483 936 2529 Gud.
947 2502 960 2530 a
972 2501 1002 2530 m.
1014 2502 1050 2548 pr.
1065 2501 1089 2534 et
1099 2505 1135 2552 pr.

86 2552 171 2602 Monet.
184 2581 216 2591 -
228 2555 281 2600 625.
294 2555 329 2600 Ac
341 2553 440 2601 Dorvill.
450 2581 482 2590 —
493 2555 547 2616 627.
557 2558 666 2616 possinte
679 2556 877 2616 praestantioribus
888 2556 948 2602 Pier.
962 2571 984 2603 et
995 2561 1043 2604 suis
1054 2559 1134 2606 Heius.

84 2639 128 2685 pro
141 2624 206 2687 vulg.
224 2633 326 2687 possunt.
337 2649 369 2660 -
380 2624 434 2670 628.
454 2627 547 2688 Inqruet
564 2626 655 2686 Hugen.
674 2627 747 2671 Inruit
762 2624 876 2670 Montalb.
890 2638 981 2670 etam.
994 2642 1030 2686 pr.
1044 2627 1134 2674 Zulicb.

83 2695 143 2740 Tum
153 2698 189 2742 ln.
197 2696 235 2739 AE.
245 2697 314 2740 armas
321 2695 385 2756 apud
392 2698 455 2741 Serv.
464 2695 494 2740 ad
501 2695 532 2738 xl
544 2696 593 2738 AEn.
606 2696 660 2740 311.
670 2696 705 2738 ln.
712 2697 750 2739 AE.
760 2705 783 2740 et
793 2693 843 2740 talis
855 2693 945 2739 Zulich.
956 2699 1051 2758 proemr'a
1062 2697 1133 2744 Gotb.

84 2778 131 2809 sec.
142 2773 238 2810 marcent
248 2779 294 2809 sec.
305 2764 390 2808 Monet.
402 2787 434 2800 -
444 2763 499 2824 629.
511 2762 584 2808 multa
595 2779 663 2808 manu
673 2759 762 2808 zulich.
775 2789 805 2798 -
817 2763 871 2809 636.
882 2778 954 2825 acque
966 2781 978 2809 e
988 2767 1074 2810 Bersm.
1085 2767 1134 2812 MS.

84 2835 241 2895 Cuningham.
255 2836 359 2880 mesdeus
370 2836 454 2880 Guda
467 2852 497 2878 m.
510 2850 545 2897 pr.
558 2835 650 2882 recedas
666 2836 740 2895 Rigor.
751 2858 783 2869 -
792 2833 846 2878 631.
866 2837 957 2878 Tumus
972 2834 1004 2879 nd
1020 2833 1075 2880 hoec.
1088 2835 1136 2882 De-

84 2918 141 2953 sunt
152 2905 203 2951 brec
218 2905 279 2950 Gud.
293 2917 317 2950 et
327 2907 382 2951 Ere.
394 2908 473 2951 Burro.
485 2907 571 2952 Contra
583 2905 649 2951 leid.
663 2904 771 2966 supplet:
786 2903 865 2949 humili
875 2903 994 2966 respondet
1005 2903 1058 2950 talr'a
1073 2923 1134 2952 voce.

83 3003 116 3016 -
126 2978 182 3024 632.
195 2977 217 3021 0
226 2992 290 3023 sotor·
300 2977 344 3022 od.
355 2976 425 3022 Goth.
436 2993 471 3038 pr.
483 2990 506 3023 et
517 2988 569 3022 tert.
584 2975 680 3038 Vulgata
693 2975 846 3036 accipienda:
858 2976 1047 3038 Osororapnovr'‚
1060 2977 1140 3023 etde·-¹

84 3050 141 3094 dum
154 3048 257 3113 quidem,
271 3049 294 3112 q.
306 3073 338 3083 -
348 3047 402 3093 633.
413 3057 482 3112 atque
496 3046 543 3092 hoec
555 3046 652 3093 Oudart.
664 3047 760 3092 -631,
772 3047 917 3114 Proentissum
931 3046 1021 3106 Hugeu.
1032 3047 1134 3109 perferre

85 3173 147 3224 621.
167 3171 268 3226 diversa
286 3172 319 3223 ab
339 3173 419 3236 urbe,
436 3173 463 3222 in
483 3170 589 3224 diversa
668 3171 728 3222 632.
751 3171 812 3220 Non
834 3181 875 3220 est
896 3169 992 3221 acerbe
1014 3189 1031 3222 a
1050 3185 1133 3242 poeta

86 3264 163 3322 parte
173 3254 238 3306 sita:
254 3252 355 3308 elamor
367 3254 437 3304 enim
450 3252 475 3303 ei
485 3269 500 3302 a
512 3262 587 3322 tergo
633 3247 808 3320 exigendum,
830 3260 860 3298 ut
879 3260 1035 3318 argumenta
1053 3269 1134 3321 expo·

87 3334 180 3386 oritur.
203 3363 237 3374 -
258 3334 318 3405 627.
338 3332 488 3386 Verborum
511 3330 586 3383 color
632 3328 907 3399 natdiserte‚quibus
920 3331 1057 3398 agnoverit
1066 3331 1134 3384 Tur·

87 3425 260 3483 eomparatur
269 3433 329 3466 eum
338 3412 413 3466 lliad.
426 3433 449 3473 t,
463 3411 513 3462 312
526 3428 585 3480 sqq.
631 3427 681 3462 nus
690 3408 768 3460 deam
779 3426 906 3460 sororem.
918 3407 1020 3460 Sufficit
1029 3414 1133 3464 evenis·

86 3493 192 3560 *Gar-t.
213 3494 348 3546 mittamus
364 3513 445 3544 manu
463 3494 585 3564 sunera3
632 3510 660 3544 se
673 3489 756 3542 multa
769 3491 922 3560 inopinato,
943 3501 970 3540 et
994 3509 1010 3543 a
1030 3497 1131 3548 caussis

87 3571 153 3624 alias
174 3570 307 3640 adjectum
327 3593 333 3622 ι
352 3575 428 3638 neci,
446 3573 540 3624 Orco:
561 3583 587 3622 et
633 3570 753 3622 obscuris
776 3569 839 3620 inde
856 3587 873 3620 a
893 3587 960 3620 vers.
984 3570 1036 3626 226
1055 3591 1130 3645 seqq.

86 3651 224 3702 mittamus
232 3651 257 3720 f.
273 3651 394 3715 Teucris,
409 3671 459 3721 pro
471 3652 589 3714 Teucro·
634 3652 722 3704 Potuit
735 3668 842 3721 quoque
854 3651 882 3700 in
893 3648 986 3712 babitu
1001 3653 1042 3704 vel
1058 3668 1133 3710 motu

86 3750 147 3784 rum
163 3731 273 3792 funerat
296 3729 325 3781 b.
343 3749 465 3800 corpora.
481 3760 517 3770 —
528 3731 588 3782 630.
635 3733 755 3802 corporis
769 3729 871 3801 aliquid
883 3747 953 3797 esse,
969 3733 1041 3802 quod
1053 3734 1133 3788 deam

87 3828 197 3862 numero
206 3828 243 3863 sc.
257 3809 398 3874 funerum,
412 3807 438 3860 b.
453 3825 589 3862 caesorum.
636 3821 766 3882 argueret.
784 3810 819 3861 cf.
838 3827 897 3881 sup.
910 3809 971 3862 Exc.
989 3813 1050 3864 Xlll
1065 3826 1131 3866 extr.

88 3891 129 3947 lta
140 3891 224 3948 Servii
242 3891 426 3961 interpretatio
441 3889 528 3950 lucem
544 3909 589 3942 ac·
634 3889 669 3941 ad
680 3888 726 3942 lib.
740 3888 759 3940 l.
773 3888 896 3951 Similiter
910 3908 952 3942 res
966 3890 1088 3944 sehabet
1103 3895 1132 3946 itt

90 3971 164 4042 cipit.
179 3971 278 4024 Durius
292 3981 380 4022 esset:
398 3968 533 4024 mittamus
539 3968 590 4041 fu·
633 3969 717 4034 loco,
740 3986 820 4039 quem
840 3967 997 4039 colnparare
1027 3969 1132 4039 solent,

91 4065 167 4118 nera,
179 4052 352 4118 immittamus
365 4063 473 4108 mortes.
634 4047 709 4102 lliad.
721 4069 744 4115 ι,
758 4046 1031 4119 815.-634.fa1u·s,
1042 4047 1134 4106 λανθά-

955 4136 997 4187 23.
