2724 4600
233 291 281 378 96,
478 281 1022 353 r.v1rern11usnou1s

232 415 313 494 Quae
324 425 438 476 contra
449 410 587 473 vetitum
600 406 781 472 discordia?
791 409 865 496 quis
878 426 999 490 metus,
1012 426 1068 475 aut
1079 408 1155 491 hos,

231 522 298 581 Aut
309 515 370 582 hos
382 537 471 580 arma
484 513 592 602 sequl3
609 513 801 601 ferrumque
813 513 972 580 lacessere
985 517 1104 580 suasit?
1247 541 1274 574 lo

231 621 394 688 Adveniet
400 621 528 710 justum
539 641 672 706 pugnae,
684 641 728 682 ne
740 621 907 698 arcessite,
921 636 1067 708 tempus,

231 731 343 811 Quum
355 727 424 790 fera
436 723 597 812 Carthago
610 725 765 788 Romanis
777 724 906 790 arcibus
919 726 999 789 olim

231 837 373 900 Exitium
386 855 555 920 magnum,
569 848 668 920 atque
680 832 778 919 Alpes
790 832 933 896 inmittet
944 849 1071 921 apertas
1084 856 1091 896 :

231 945 320 1008 Tum
332 955 456 1006 certare
469 937 568 1017 odiis,
581 954 653 1001 tum
663 960 715 1002 res
727 938 874 1025 rapuisse
886 937 1008 1003 licebit.

172 1135 175 1142 ’
262 1145 285 1192 9.
295 1128 351 1188 Quis
357 1117 459 1171 deusaut
466 1121 547 1170 hosJo.
560 1121 702 1170 Schraderus
713 1125 738 1168 in
749 1123 857 1169 schedis:
868 1134 894 1168 ιιι
903 1123 945 1168 inl.
955 1121 993 1184 73.
1008 1122 1063 1182 Quis
1072 1122 1127 1168 deus
1137 1123 1275 1186 iufrauelem

231 1200 318 1262 ...eqit
326 1194 518 1257 Ingeniose‚quis
529 1193 614 1254 neget?
630 1192 701 1238 modo
713 1208 759 1237 non
772 1191 816 1241 hoc
825 1191 948 1238 molestum
958 1205 1029 1248 esset,
1043 1192 1108 1254 quod
1117 1195 1149 1238 ita
1159 1205 1194 1238 cst
1204 1209 1210 1238 :
1222 1196 1274 1256 quis

231 1273 286 1319 deus
292 1283 331 1315 vos
338 1267 390 1312 deos
398 1263 501 1319 adduxit,
508 1264 574 1309 vobis
580 1266 658 1310 suasit.
668 1265 755 1330 Verum
764 1263 826 1308 bella
834 1263 893 1308 fiunt
902 1275 941 1309 aut
950 1263 1087 1326 eupiditate,
1094 1275 1134 1309 aut
1142 1275 1208 1309 metu
1217 1262 1274 1308 mali

232 1360 258 1390 ac
263 1337 361 1404 periculi
368 1336 435 1381 nohis
441 1333 478 1381 vel
486 1333 692 1391 aliisimminentis,
697 1335 761 1397 quod
767 1334 890 1396 depulsum
895 1337 962 1380 imus.
969 1337 1080 1382 Vetuerat
1085 1337 1177 1397 Jupiter
1184 1333 1275 1380 bellum

230 1416 292 1460 inter
299 1409 368 1455 ltalos
377 1420 401 1454 et
408 1407 521 1467 Trojanos
528 1405 585 1450 lieri.
595 1405 657 1464 Quid
664 1406 891 1468 igiturmetuendum
899 1407 963 1452 erat?
971 1405 1136 1452 utuuncbello
1145 1407 1180 1452 vis
1190 1404 1275 1467 depel-

230 1483 325 1537 leretur.
335 1481 376 1524 His
384 1477 528 1538 respondent
534 1477 632 1522 Veneris
639 1477 709 1524 verba
719 1493 725 1522 :
735 1493 763 1523 ιο
772 1477 848 1522 Cernis
858 1486 885 1522 ut
892 1475 999 1523 insultent
1007 1475 1088 1522 Rutuli
1090 1492 1190 1532 ‚·-uon
1195 1474 1276 1522 clausa

232 1560 309 1616 tequnt
311 1554 362 1613 jam
378 1549 459 1592 moenia
471 1549 568 1592 Teucrus
578 1561 627 1593 :vs
642 1562 707 1592 ao—
715 1545 752 1602 24.
764 1539 824 1609 Ergo
834 1559 908 1592 metus
918 1547 1009 1602 aderat,
1022 1545 1089 1592 alteri
1101 1546 1199 1591 deorum
1209 1545 1275 1591 ordi-

231 1625 269 1676 ni,
281 1635 311 1664 ue
321 1615 498 1664 succumberent
513 1613 578 1660 malis
589 1616 698 1676 Trojani3
712 1614 778 1660 alteri
784 1650 791 1671 ‚
805 1631 835 1660 ne
845 1631 931 1662 novum
941 1619 966 1661 in
976 1615 1041 1661 ltalia
1051 1630 1147 1677 regnum
1158 1615 1275 1676 Trojano-

230 1705 284 1736 rum
296 1686 444 1733 conderetur.
455 1685 503 1730 Nec
513 1696 590 1728 tamen
599 1683 648 1729 haec
657 1685 701 1731 sibi
710 1685 846 1748 persuaderi
862 1701 941 1748 passus
950 1683 1083 1730 Wakefield
1100 1700 1106 1730 ι
1125 1704 1136 1725 ι
1145 1683 1210 1746 quod
1221 1681 1277 1729 vul-

233 1781 244 1801 «
254 1769 331 1822 gatus,
346 1757 435 1818 inquit,
448 1756 618 1818 ineptissimum
627 1768 661 1802 eet
671 1769 694 1802 et
703 1757 800 1802 defendi
810 1759 899 1819 nequit.
909 1777 920 1798 u
932 1783 964 1793 -
978 1772 1013 1802 ιι.
1023 1757 1137 1801 Adveniet
1151 1755 1212 1800 Gud.
1224 1755 1276 1799 Aa·

230 1832 291 1875 uenit
304 1827 363 1874 alter
379 1825 475 1871 Mentel.
492 1843 506 1872 a
521 1842 552 1872 ιιι.
571 1842 607 1888 pr.
623 1826 656 1871 At
670 1831 743 1873 ueniet
757 1827 871 1891 quondam
880 1826 949 1872 Goth.
962 1838 1015 1872 tert.
1031 1829 1135 1871 arcessite
1151 1823 1276 1870 emendata

230 1899 314 1956 lectio,
328 1912 377 1944 uon
387 1900 500 1943 accersite.
515 1897 562 1944 vid.
580 1898 640 1944 Pier.
654 1923 686 1934 -
703 1899 737 1944 13.
751 1901 845 1944 immitet
853 1914 889 1961 pr.
900 1899 993 1960 Menag·
1007 1900 1105 1942 immittit
1112 1896 1179 1942 alter.
1191 1897 1277 1941 immit-

264 2071 291 2124 9.
312 2053 378 2120 Quis
394 2065 494 2119 metus,
512 2055 650 2123 cujusnam
663 2055 727 2107 mali

231 2147 276 2186 aut
290 2131 402 2203 periculi
417 2131 582 2201 depellendi,
599 2133 726 2201 adduxit,

229 2227 260 2264 ut
271 2225 384 2280 utraque
396 2229 458 2281 pars
475 2211 575 2262 bellurn
590 2217 727 2265 moveret?

229 2293 317 2342 Docta
337 2291 431 2340 oratio.
454 2288 560 2358 ferrum
587 2289 725 2357 lacessere,

229 2367 398 2442 poetae'idem
411 2381 466 2432 est,
477 2367 551 2438 quod
560 2368 624 2421 alias
637 2389 726 2423 move·
739 2379 742 2390 ¹

229 2470 272 2514 τε,
294 2449 410 2499 Lucretii
434 2448 579 2517 exemplo:
602 2450 726 2522 Namque

227 2527 295 2581 alias
305 2524 382 2578 aliud
393 2543 430 2577 res
441 2538 585 2578 commovet
594 2538 674 2599 atque
685 2527 725 2579 la·

229 2607 302 2661 cessit
309 2607 356 2658 lib.
369 2607 413 2670 tv,
427 2607 501 2658 1033.
510 2605 552 2658 Sic
562 2621 652 2659 noster
660 2607 725 2660 dixit

158 2751 162 2758 ι
225 2687 349 2742 ¹lacessere
367 2703 470 2757 puquas
489 2685 536 2756 (V,
552 2687 634 2758 429),
657 2687 725 2740 bella

228 2768 295 2838 (xl,
309 2766 387 2838 254),
407 2764 490 2818 etalii
505 2764 621 2818 lacessere
635 2785 724 2833 mare,

228 2843 307 2912 arvei
330 2859 395 2910 eto,
416 2843 487 2897 unde
507 2845 616 2897 tandem
637 2848 724 2918 poetis

228 2927 383 2998 simpliciter
395 2938 448 2988 est,
461 2923 599 2989 incedere,
612 2925 724 2978 accede·

229 3026 271 3067 τις
286 3019 315 3058 ut
332 3008 360 3057 in
377 3005 422 3058 illo
434 3005 552 3056 Horatii:
568 3004 726 3077 Quicunque

227 3085 345 3157 Bithyna
357 3085 458 3138 lacessit
472 3083 640 3155 Carpathium
650 3083 726 3155 pela-

225 3185 276 3238 qus
296 3167 406 3231 carina,
430 3167 537 3236 navigat
559 3183 608 3234 per
630 3184 724 3231 mare,

230 3249 293 3316 quia
314 3249 392 3297 remis
415 3259 527 3306 movet:
548 3245 669 3316 adeoque
689 3245 725 3298 ad

776 2056 871 2110 eodem
904 2075 983 2110 sensu
1006 2054 1115 2116 ¹dictum
1146 2051 1272 2104 occurrit.

774 2137 891 2190 Duxerat
906 2127 969 2188 hiric
980 2135 1119 2208 Virgilius,
1134 2130 1213 2202 quod
1229 2149 1275 2182 su-

774 2235 824 2287 pra
843 2217 971 2282 tl1‚526
990 2215 1121 2268 vidimus:
1137 2213 1203 2264 AEra
1220 2208 1274 2264 sole

775 2293 905 2356 lacessitas
919 2309 945 2348 et
955 2296 1003 2346 inf.
1017 2295 1078 2358 XII,
1089 2293 1122 2344 85
1136 2290 1274 2342 manibus-

774 2391 826 2444 que
838 2371 965 2426 lacessunt
973 2375 1081 2424 Pectora
1088 2370 1181 2442 plausa
1192 2369 1271 2420 cavis.

813 2470 852 2504 11.
870 2453 936 2504 Sunt
955 2455 983 2504 iu
1003 2452 1044 2504 his
1066 2467 1147 2502 verse.
1169 2451 1273 2502 semina

773 2531 933 2585 Punicorum
950 2532 1005 2584 Silii
1020 2531 1119 2592 Italici;
1133 2531 1202 2581 forte
1215 2531 1273 2598 jam

774 2629 807 2662 ex
826 2613 911 2662 Ennio
933 2610 1064 2662 traducta.
1083 2607 1272 2660 Annibalicutu

774 2689 873 2742 bellum
894 2702 968 2742 tanta
985 2689 1054 2740 mole
1074 2690 1221 2746 exorietur,
1242 2699 1274 2738 ut

773 2768 811 2820 dii
824 2773 848 2822 ei
865 2788 892 2822 se
905 2772 1074 2840 interponere
1089 2768 1206 2837 possint3
1228 2765 1274 2817 alii

774 2867 790 2900 a
809 2850 935 2900 Romanis
957 2860 1043 2912 stare‚·
1070 2845 1115 2898 elii
1138 2865 1155 2897 a
1175 2846 1271 2896 Poenis.

773 2927 884 2999 Egregie
908 2929 1036 2978 instructa
1058 2927 1143 2976 oratio
1162 2927 1168 2974 l
1194 2922 1275 2996 Alpes

775 3003 1176 3076 immittetapertaumagnifice:
1188 3020 1275 3073 quan·

775 3083 919 3155 doquidem
931 3084 1043 3156 Alpibus
1059 3084 1199 3154 patefactis
1214 3083 1273 3132 An·
1332 3127 1336 3132 .

773 3164 848 3216 nibal
856 3167 987 3235 ingressus
998 3175 1036 3215 est
1044 3161 1155 3213 ltaliam.
1167 3162 1202 3210 cf.
1213 3161 1241 3211 h.
1253 3161 1272 3212 l'.

773 3243 845 3294 Serv.
877 3243 986 3294 exitium
1015 3251 1041 3290 et
1066 3238 1145 3310 Alpes
1167 3249 1273 3308 apertas

228 3323 343 3376 eundem
354 3343 428 3393 paene
437 3321 539 3377 rnorem
552 3323 586 3375 ad
593 3344 625 3376 ea
633 3323 725 3376 deflec-
770 3321 1009 3392 junxi13haeoeniru
1018 3319 1103 3369 omnis
1111 3317 1273 3374 calamitatis

229 3405 308 3467 titur,
318 3422 376 3472 quse
387 3408 638 3478 omninogeruntur,
649 3404 723 3466 fiunt;

228 3481 321 3532 itidem
332 3481 447 3534 Lucretii
459 3484 596 3555 exemplo:
608 3503 632 3534 v.
644 3503 666 3534 r.
679 3484 723 3546 lv,

228 3559 281 3624 348
292 3558 449 3626 simulacra,
470 3564 534 3632 Quae
553 3562 603 3614 sita
620 3572 680 3614 sient
696 3560 724 3610 irs

223 3636 287 3688 lace
294 3675 309 3702 ,1
320 3637 496 3711 lacessuntque
503 3679 512 3706 ,
533 3652 563 3692 ut
584 3639 723 3715 qideamus.

228 3716 305 3768 Latet
315 3734 347 3796 ⁹¹.
356 3719 490 3788 primitivo
499 3718 583 3770 lacere
591 3757 600 3784 ,
608 3733 723 3782 movere,

773 3413 799 3452 et
810 3412 850 3449 tot
862 3397 979 3450 cladium
991 3408 1162 3466 acceptarum
1176 3415 1273 3450 caussa

772 3492 798 3530 et
811 3480 885 3549 origo
904 3477 968 3541 fuit,
985 3476 1059 3546 quod
1077 3475 1160 3547 Alpes
1174 3477 1271 3545 perviae

772 3569 848 3610 erant
865 3553 1007 3607 factae.=Ad
1021 3554 1158 3626 vulgarem
1171 3574 1272 3608 morem

773 3639 858 3690 oratio
866 3636 959 3687 luisset
966 3634 1035 3687 haeo:
1045 3653 1128 3706 quum
1136 3634 1270 3706 Gartlrego

772 3717 896 3767 immittet
905 3716 1062 3778 exercitum,
1073 3717 1120 3785 qui
1129 3715 1209 3785 Alpes
1220 3727 1271 3765 tre·

230 3795 343 3860 ducere,
366 3795 437 3847 unde
461 3795 567 3849 allicere
575 3821 586 3862 ‚¹
609 3795 722 3860 illicere,
769 3796 844 3864 jiciet
855 3813 916 3846 cum
928 3794 1007 3860 exitio
1021 3795 1209 3845 Romanorum.
1222 3795 1271 3843 Po·

229 3875 303 3924 notio
320 3873 361 3923 roi
373 3873 523 3943 impellere,
536 3888 565 3926 ut
577 3877 655 3926 toties
672 3875 724 3926 Lur
773 3886 842 3924 terat
854 3886 936 3945 poeta
952 3872 1004 3923 hoc
1020 3873 1072 3942 ipsi
1092 3873 1214 3940 tmjectui
1224 3873 1270 3923 tri·

157 3955 166 3972 *
231 3953 341 4016 cretius,
360 3951 458 4015 vuum,
480 3970 569 4016 aures,
587 3951 723 4016 lacessere,
771 3951 873 4020 buere,
901 3952 1060 4022 doctiusque
1088 3952 1159 4020 ipsas
1188 3950 1270 4021 Alpes

229 4033 270 4089 uti
293 4033 371 4086 etium
394 4031 724 4098 mortuummare,
774 4025 994 4095 commemoravit
1000 4029 1271 4104 transitus-14¹&
