<?xml version="1.0" encoding="UTF-8"?>
<!DOCTYPE html PUBLIC "-//W3C//DTD XHTML 1.0 Transitional//EN"
    "http://www.w3.org/TR/xhtml1/DTD/xhtml1-transitional.dtd">
<html xmlns="http://www.w3.org/1999/xhtml" xml:lang="en" lang="en">
 <head>
  <title>
</title>
<meta http-equiv="Content-Type" content="text/html;charset=utf-8" />
  <meta name='ocr-system' content='tesseract 3.04.00' />
  <meta name='ocr-capabilities' content='ocr_page ocr_carea ocr_par ocr_line ocrx_word'/>
</head>
<body>
  <div class='ocr_page' id='page_1' title='image "./pvirgiliusmaroq03barbgoog_0057.png"; bbox 0 0 2690 4598; ppageno 0'>
   <div class='ocr_carea' id='block_1_1' title="bbox 286 227 792 340">
    <p class='ocr_par' dir='ltr' id='par_1_1' title="bbox 286 227 792 340">
     <span class='ocr_line' id='line_1_1' title="bbox 286 227 792 340; baseline 0.002 -1"><span class='ocrx_word' id='word_1_1' title='bbox 286 269 531 339; x_wconf 72' lang='lat' dir='ltr'><strong>morinos</strong></span> <span class='ocrx_word' id='word_1_2' title='bbox 554 227 707 340; x_wconf 30' lang='lat' dir='ltr'><strong>trun-n</strong></span> <span class='ocrx_word' id='word_1_3' title='bbox 732 269 792 340; x_wconf 82' lang='lat' dir='ltr'><strong>tx.</strong></span> 
     </span>
    </p>
   </div>
   <div class='ocr_carea' id='block_1_2' title="bbox 35 376 945 1226">
    <p class='ocr_par' dir='ltr' id='par_1_2' title="bbox 35 376 928 569">
     <span class='ocr_line' id='line_1_2' title="bbox 36 376 928 487; baseline 0.004 -26"><span class='ocrx_word' id='word_1_4' title='bbox 36 399 93 464; x_wconf 87' lang='lat' dir='ltr'><strong>Nec</strong></span> <span class='ocrx_word' id='word_1_5' title='bbox 103 398 233 487; x_wconf 90' lang='lat' dir='ltr'><strong>potuit:</strong></span> <span class='ocrx_word' id='word_1_6' title='bbox 248 396 366 462; x_wconf 87' lang='lat' dir='ltr'><strong>caelum</strong></span> <span class='ocrx_word' id='word_1_7' title='bbox 378 397 443 462; x_wconf 89' lang='lat' dir='ltr'><strong>hoc</strong></span> <span class='ocrx_word' id='word_1_8' title='bbox 455 414 488 461; x_wconf 87' lang='lat' dir='ltr'><strong>et</strong></span> <span class='ocrx_word' id='word_1_9' title='bbox 500 398 630 462; x_wconf 84' lang='lat' dir='ltr'><strong>conscia</strong></span> <span class='ocrx_word' id='word_1_10' title='bbox 642 397 749 463; x_wconf 82' lang='lat' dir='ltr'><strong>sidem</strong></span> <span class='ocrx_word' id='word_1_11' title='bbox 760 415 871 464; x_wconf 88' lang='lat' dir='ltr'><strong>testor.</strong></span> <span class='ocrx_word' id='word_1_12' title='bbox 908 376 928 440; x_wconf 50' lang='grc'><strong>’-</strong></span> 
     </span>
     <span class='ocr_line' id='line_1_3' title="bbox 35 501 814 569; baseline -0.008 -1"><span class='ocrx_word' id='word_1_13' title='bbox 35 507 166 569; x_wconf 89' lang='lat' dir='ltr'><strong>&#39;lantum</strong></span> <span class='ocrx_word' id='word_1_14' title='bbox 179 504 349 568; x_wconf 84' lang='lat' dir='ltr'><strong>infelicem</strong></span> <span class='ocrx_word' id='word_1_15' title='bbox 361 504 502 566; x_wconf 89' lang='lat' dir='ltr'><strong>nimium</strong></span> <span class='ocrx_word' id='word_1_16' title='bbox 514 501 627 567; x_wconf 86' lang='lat' dir='ltr'><strong>dilexit</strong></span> <span class='ocrx_word' id='word_1_17' title='bbox 637 505 789 568; x_wconf 81' lang='lat' dir='ltr'><strong>amicum.</strong></span> <span class='ocrx_word' id='word_1_18' title='bbox 802 535 814 563; x_wconf 68' lang='lat' dir='ltr'><strong>s</strong></span> 
     </span>
    </p>

    <p class='ocr_par' dir='ltr' id='par_1_3' title="bbox 35 607 852 909">
     <span class='ocr_line' id='line_1_4' title="bbox 35 607 795 689; baseline 0.004 -16"><span class='ocrx_word' id='word_1_19' title='bbox 35 612 115 675; x_wconf 90' lang='lat' dir='ltr'><strong>Talia</strong></span> <span class='ocrx_word' id='word_1_20' title='bbox 127 611 216 676; x_wconf 89' lang='lat' dir='ltr'><strong>dicta</strong></span> <span class='ocrx_word' id='word_1_21' title='bbox 228 609 342 689; x_wconf 59' lang='lat' dir='ltr'><strong>daban</strong></span> <span class='ocrx_word' id='word_1_22' title='bbox 356 608 414 673; x_wconf 89' lang='lat' dir='ltr'><strong>sed</strong></span> <span class='ocrx_word' id='word_1_23' title='bbox 427 608 552 672; x_wconf 87' lang='lat' dir='ltr'><strong>viribus</strong></span> <span class='ocrx_word' id='word_1_24' title='bbox 565 609 651 672; x_wconf 90' lang='lat' dir='ltr'><strong>ensis</strong></span> <span class='ocrx_word' id='word_1_25' title='bbox 663 607 795 676; x_wconf 83' lang='lat' dir='ltr'><strong>aductus</strong></span> 
     </span>
     <span class='ocr_line' id='line_1_5' title="bbox 36 713 834 803; baseline 0.001 -24"><span class='ocrx_word' id='word_1_26' title='bbox 36 715 211 780; x_wconf 86' lang='lat' dir='ltr'><strong>Transabiit</strong></span> <span class='ocrx_word' id='word_1_27' title='bbox 224 732 345 794; x_wconf 85' lang='lat' dir='ltr'><strong>costos,</strong></span> <span class='ocrx_word' id='word_1_28' title='bbox 360 731 392 778; x_wconf 89' lang='lat' dir='ltr'><strong>et</strong></span> <span class='ocrx_word' id='word_1_29' title='bbox 404 713 544 778; x_wconf 83' lang='lat' dir='ltr'><strong>candido</strong></span> <span class='ocrx_word' id='word_1_30' title='bbox 556 731 690 801; x_wconf 81' lang='lat' dir='ltr'>pectora</span> <span class='ocrx_word' id='word_1_31' title='bbox 702 717 834 803; x_wconf 86' lang='lat' dir='ltr'><strong>rumpit.</strong></span> 
     </span>
     <span class='ocr_line' id='line_1_6' title="bbox 35 818 852 909; baseline 0.006 -29"><span class='ocrx_word' id='word_1_32' title='bbox 35 821 176 886; x_wconf 79' lang='lat' dir='ltr'><strong>Volvitur</strong></span> <span class='ocrx_word' id='word_1_33' title='bbox 188 820 350 909; x_wconf 70' lang='lat' dir='ltr'><strong>Euryalus</strong></span> <span class='ocrx_word' id='word_1_34' title='bbox 362 819 444 898; x_wconf 87' lang='lat' dir='ltr'><strong>leto,</strong></span> <span class='ocrx_word' id='word_1_35' title='bbox 457 818 681 908; x_wconf 89' lang='lat' dir='ltr'><strong>pulchrosque</strong></span> <span class='ocrx_word' id='word_1_36' title='bbox 693 843 753 907; x_wconf 88' lang='lat' dir='ltr'><strong>per</strong></span> <span class='ocrx_word' id='word_1_37' title='bbox 764 837 852 886; x_wconf 86' lang='lat' dir='ltr'><strong>artus</strong></span> 
     </span>
    </p>

    <p class='ocr_par' dir='ltr' id='par_1_4' title="bbox 36 924 945 1226">
     <span class='ocr_line' id='line_1_7' title="bbox 36 924 945 1015; baseline 0.006 -27"><span class='ocrx_word' id='word_1_38' title='bbox 36 926 60 988; x_wconf 96' lang='lat' dir='ltr'><strong>lt</strong></span> <span class='ocrx_word' id='word_1_39' title='bbox 70 949 177 1007; x_wconf 85' lang='lat' dir='ltr'><strong>cruor,</strong></span> <span class='ocrx_word' id='word_1_40' title='bbox 192 929 296 1015; x_wconf 89' lang='lat' dir='ltr'><strong>inque</strong></span> <span class='ocrx_word' id='word_1_41' title='bbox 308 924 464 990; x_wconf 80' lang='lat' dir='ltr'><strong>humeros</strong></span> <span class='ocrx_word' id='word_1_42' title='bbox 476 925 585 988; x_wconf 87' lang='lat' dir='ltr'><strong>cervix</strong></span> <span class='ocrx_word' id='word_1_43' title='bbox 598 925 755 1013; x_wconf 79' lang='lat' dir='ltr'>conlapsa</span> <span class='ocrx_word' id='word_1_44' title='bbox 766 927 945 993; x_wconf 85' lang='lat' dir='ltr'><strong>recumbit:</strong></span> 
     </span>
     <span class='ocr_line' id='line_1_8' title="bbox 37 1011 826 1120; baseline 0 -26"><span class='ocrx_word' id='word_1_45' title='bbox 37 1011 215 1120; x_wconf 79' lang='lat' dir='ltr'><strong>Purpureus</strong></span> <span class='ocrx_word' id='word_1_46' title='bbox 228 1030 332 1096; x_wconf 90' lang='lat' dir='ltr'><strong>veluti</strong></span> <span class='ocrx_word' id='word_1_47' title='bbox 344 1053 447 1120; x_wconf 91' lang='lat' dir='ltr'><strong>quum</strong></span> <span class='ocrx_word' id='word_1_48' title='bbox 459 1029 534 1110; x_wconf 88' lang='lat' dir='ltr'><strong>flos,</strong></span> <span class='ocrx_word' id='word_1_49' title='bbox 549 1031 693 1094; x_wconf 88' lang='lat' dir='ltr'><strong>succisus</strong></span> <span class='ocrx_word' id='word_1_50' title='bbox 705 1047 826 1112; x_wconf 66' lang='lat' dir='ltr'><strong>antro,</strong></span> 
     </span>
     <span class='ocr_line' id='line_1_9' title="bbox 37 1135 808 1226; baseline 0 -27"><span class='ocrx_word' id='word_1_51' title='bbox 37 1138 223 1226; x_wconf 79' lang='lat' dir='ltr'><strong>Languescit</strong></span> <span class='ocrx_word' id='word_1_52' title='bbox 235 1137 396 1215; x_wconf 87' lang='lat' dir='ltr'><strong>moriens;</strong></span> <span class='ocrx_word' id='word_1_53' title='bbox 409 1136 535 1200; x_wconf 84' lang='lat' dir='ltr'><strong>lassove</strong></span> <span class='ocrx_word' id='word_1_54' title='bbox 547 1157 709 1223; x_wconf 83' lang='lat' dir='ltr'><strong>papavera</strong></span> <span class='ocrx_word' id='word_1_55' title='bbox 722 1135 808 1199; x_wconf 94' lang='lat' dir='ltr'><strong>collo</strong></span> 
     </span>
    </p>
   </div>
   <div class='ocr_carea' id='block_1_3' title="bbox 35 1243 857 1542">
    <p class='ocr_par' dir='ltr' id='par_1_5' title="bbox 35 1243 857 1542">
     <span class='ocr_line' id='line_1_10' title="bbox 36 1243 857 1333; baseline 0.001 -26"><span class='ocrx_word' id='word_1_56' title='bbox 36 1245 195 1310; x_wconf 86' lang='lat' dir='ltr'><strong>Demisere</strong></span> <span class='ocrx_word' id='word_1_57' title='bbox 208 1259 321 1333; x_wconf 85' lang='lat' dir='ltr'><strong>caput,</strong></span> <span class='ocrx_word' id='word_1_58' title='bbox 335 1244 445 1332; x_wconf 84' lang='lat' dir='ltr'><strong>pluvia</strong></span> <span class='ocrx_word' id='word_1_59' title='bbox 458 1267 561 1332; x_wconf 89' lang='lat' dir='ltr'><strong>quum</strong></span> <span class='ocrx_word' id='word_1_60' title='bbox 574 1243 659 1307; x_wconf 85' lang='lat' dir='ltr'><strong>forto</strong></span> <span class='ocrx_word' id='word_1_61' title='bbox 673 1260 857 1330; x_wconf 74' lang='lat' dir='ltr'><strong>gravantur.</strong></span> 
     </span>
     <span class='ocr_line' id='line_1_11' title="bbox 35 1347 836 1437; baseline 0.004 -27"><span class='ocrx_word' id='word_1_62' title='bbox 35 1352 70 1411; x_wconf 82' lang='lat' dir='ltr'><strong>At</strong></span> <span class='ocrx_word' id='word_1_63' title='bbox 80 1351 175 1414; x_wconf 84' lang='lat' dir='ltr'><strong>Nisus</strong></span> <span class='ocrx_word' id='word_1_64' title='bbox 188 1350 255 1413; x_wconf 89' lang='lat' dir='ltr'><strong>ruit</strong></span> <span class='ocrx_word' id='word_1_65' title='bbox 266 1351 300 1412; x_wconf 92' lang='lat' dir='ltr'><strong>in</strong></span> <span class='ocrx_word' id='word_1_66' title='bbox 312 1347 455 1428; x_wconf 76' lang='lat' dir='ltr'><strong>medico,</strong></span> <span class='ocrx_word' id='word_1_67' title='bbox 469 1348 643 1437; x_wconf 89' lang='lat' dir='ltr'><strong>solumque</strong></span> <span class='ocrx_word' id='word_1_68' title='bbox 656 1370 717 1436; x_wconf 91' lang='lat' dir='ltr'><strong>per</strong></span> <span class='ocrx_word' id='word_1_69' title='bbox 729 1351 836 1413; x_wconf 90' lang='lat' dir='ltr'><strong>omnis</strong></span> 
     </span>
     <span class='ocr_line' id='line_1_12' title="bbox 36 1453 836 1542; baseline 0.003 -28"><span class='ocrx_word' id='word_1_70' title='bbox 36 1453 239 1520; x_wconf 84' lang='lat' dir='ltr'><strong>Volscentem</strong></span> <span class='ocrx_word' id='word_1_71' title='bbox 249 1455 348 1542; x_wconf 89' lang='lat' dir='ltr'><strong>petit;</strong></span> <span class='ocrx_word' id='word_1_72' title='bbox 361 1454 396 1517; x_wconf 91' lang='lat' dir='ltr'><strong>in</strong></span> <span class='ocrx_word' id='word_1_73' title='bbox 409 1454 479 1520; x_wconf 92' lang='lat' dir='ltr'><strong>solo</strong></span> <span class='ocrx_word' id='word_1_74' title='bbox 491 1453 668 1518; x_wconf 88' lang='lat' dir='ltr'><strong>Volscente</strong></span> <span class='ocrx_word' id='word_1_75' title='bbox 679 1469 836 1519; x_wconf 86' lang='lat' dir='ltr'><strong>moratur.</strong></span> 
     </span>
    </p>
   </div>
   <div class='ocr_carea' id='block_1_4' title="bbox 34 1647 1106 2906">
    <p class='ocr_par' dir='ltr' id='par_1_6' title="bbox 34 1647 1106 2906">
     <span class='ocr_line' id='line_1_13' title="bbox 61 1647 1071 1724; baseline 0.015 -31"><span class='ocrx_word' id='word_1_76' title='bbox 61 1647 109 1710; x_wconf 70' lang='lat' dir='ltr'><strong>laq.</strong></span> <span class='ocrx_word' id='word_1_77' title='bbox 125 1650 202 1695; x_wconf 74' lang='lat' dir='ltr'><strong>sillem</strong></span> <span class='ocrx_word' id='word_1_78' title='bbox 216 1652 306 1697; x_wconf 70' lang='lat' dir='ltr'><strong>cornuis</strong></span> <span class='ocrx_word' id='word_1_79' title='bbox 322 1649 376 1706; x_wconf 82' lang='lat' dir='ltr'><strong>edd.</strong></span> <span class='ocrx_word' id='word_1_80' title='bbox 395 1665 433 1711; x_wconf 87' lang='lat' dir='ltr'><strong>ap.</strong></span> <span class='ocrx_word' id='word_1_81' title='bbox 452 1649 513 1696; x_wconf 84' lang='lat' dir='ltr'><strong>Pier.</strong></span> <span class='ocrx_word' id='word_1_82' title='bbox 530 1673 562 1686; x_wconf 91' lang='lat'><strong>-·</strong></span> <span class='ocrx_word' id='word_1_83' title='bbox 579 1649 632 1705; x_wconf 73' lang='lat'><strong>432.</strong></span> <span class='ocrx_word' id='word_1_84' title='bbox 655 1649 783 1696; x_wconf 77' lang='lat' dir='ltr'><strong>Transabiit</strong></span> <span class='ocrx_word' id='word_1_85' title='bbox 800 1648 862 1700; x_wconf 84' lang='lat' dir='ltr'><strong>bene</strong></span> <span class='ocrx_word' id='word_1_86' title='bbox 878 1653 985 1704; x_wconf 79' lang='lat' dir='ltr'><strong>Heinsius</strong></span> <span class='ocrx_word' id='word_1_87' title='bbox 1000 1671 1071 1724; x_wconf 58' lang='lat' dir='ltr'><strong>repo*</strong></span> 
     </span>
     <span class='ocr_line' id='line_1_14' title="bbox 36 1720 1069 1785; baseline 0.014 -21"><span class='ocrx_word' id='word_1_88' title='bbox 36 1722 84 1775; x_wconf 89' lang='lat' dir='ltr'><strong>suit;</strong></span> <span class='ocrx_word' id='word_1_89' title='bbox 101 1723 133 1766; x_wconf 85' lang='lat' dir='ltr'><strong>sic</strong></span> <span class='ocrx_word' id='word_1_90' title='bbox 151 1723 220 1767; x_wconf 85' lang='lat' dir='ltr'><strong>llom.</strong></span> <span class='ocrx_word' id='word_1_91' title='bbox 239 1739 275 1785; x_wconf 90' lang='lat' dir='ltr'><strong>pr.</strong></span> <span class='ocrx_word' id='word_1_92' title='bbox 293 1722 385 1782; x_wconf 69' lang='lat' dir='ltr'><strong>Menag.</strong></span> <span class='ocrx_word' id='word_1_93' title='bbox 402 1736 438 1782; x_wconf 88' lang='lat' dir='ltr'><strong>pr.</strong></span> <span class='ocrx_word' id='word_1_94' title='bbox 455 1720 580 1783; x_wconf 76' lang='lat' dir='ltr'><strong>llamburg.</strong></span> <span class='ocrx_word' id='word_1_95' title='bbox 602 1733 626 1766; x_wconf 89' lang='lat' dir='ltr'><strong>et</strong></span> <span class='ocrx_word' id='word_1_96' title='bbox 642 1721 689 1766; x_wconf 87' lang='lat' dir='ltr'><strong>duo</strong></span> <span class='ocrx_word' id='word_1_97' title='bbox 706 1721 746 1767; x_wconf 92' lang='lat' dir='ltr'><strong>alii</strong></span> <span class='ocrx_word' id='word_1_98' title='bbox 765 1723 844 1768; x_wconf 87' lang='lat' dir='ltr'><strong>Heius.</strong></span> <span class='ocrx_word' id='word_1_99' title='bbox 870 1725 908 1771; x_wconf 88' lang='lat' dir='ltr'><strong>Est</strong></span> <span class='ocrx_word' id='word_1_100' title='bbox 930 1729 1069 1778; x_wconf 85' lang='lat' dir='ltr'><strong>vocabulum</strong></span> 
     </span>
     <span class='ocr_line' id='line_1_15' title="bbox 36 1791 1070 1855; baseline 0.016 -22"><span class='ocrx_word' id='word_1_101' title='bbox 36 1792 98 1836; x_wconf 86' lang='lat' dir='ltr'><strong>Statio</strong></span> <span class='ocrx_word' id='word_1_102' title='bbox 113 1792 303 1855; x_wconf 77' lang='lat' dir='ltr'><strong>frequentatum,</strong></span> <span class='ocrx_word' id='word_1_103' title='bbox 321 1791 439 1838; x_wconf 87' lang='lat' dir='ltr'><strong>interdum</strong></span> <span class='ocrx_word' id='word_1_104' title='bbox 455 1804 601 1854; x_wconf 82' lang='lat' dir='ltr'><strong>portentose,</strong></span> <span class='ocrx_word' id='word_1_105' title='bbox 620 1804 646 1838; x_wconf 91' lang='lat' dir='ltr'><strong>ut</strong></span> <span class='ocrx_word' id='word_1_106' title='bbox 660 1794 691 1838; x_wconf 85' lang='lat' dir='ltr'><strong>tx</strong></span> <span class='ocrx_word' id='word_1_107' title='bbox 705 1793 780 1838; x_wconf 86' lang='lat' dir='ltr'><strong>Theb.</strong></span> <span class='ocrx_word' id='word_1_108' title='bbox 801 1794 855 1851; x_wconf 80' lang='lat'><strong>126,</strong></span> <span class='ocrx_word' id='word_1_109' title='bbox 874 1797 914 1842; x_wconf 88' lang='lat' dir='ltr'><strong>nbi</strong></span> <span class='ocrx_word' id='word_1_110' title='bbox 931 1799 995 1846; x_wconf 80' lang='lat' dir='ltr'><strong>hasta</strong></span> <span class='ocrx_word' id='word_1_111' title='bbox 1013 1820 1070 1850; x_wconf 89' lang='lat' dir='ltr'><strong>con·</strong></span> 
     </span>
     <span class='ocr_line' id='line_1_16' title="bbox 34 1859 1071 1929; baseline 0.014 -25"><span class='ocrx_word' id='word_1_112' title='bbox 34 1863 87 1920; x_wconf 80' lang='lat' dir='ltr'><strong>jecta</strong></span> <span class='ocrx_word' id='word_1_113' title='bbox 101 1863 200 1906; x_wconf 82' lang='lat' dir='ltr'><strong>medium</strong></span> <span class='ocrx_word' id='word_1_114' title='bbox 213 1859 306 1908; x_wconf 80' lang='lat' dir='ltr'><strong>Poleteu</strong></span> <span class='ocrx_word' id='word_1_115' title='bbox 320 1859 439 1906; x_wconf 65' lang='lat' dir='ltr'><strong>Transabtt</strong></span> <span class='ocrx_word' id='word_1_116' title='bbox 452 1869 474 1905; x_wconf 85' lang='lat' dir='ltr'><strong>et</strong></span> <span class='ocrx_word' id='word_1_117' title='bbox 481 1863 559 1923; x_wconf 82' lang='lat' dir='ltr'><strong>juncti</strong></span> <span class='ocrx_word' id='word_1_118' title='bbox 567 1859 663 1924; x_wconf 80' lang='lat' dir='ltr'><strong>clipeum</strong></span> <span class='ocrx_word' id='word_1_119' title='bbox 674 1871 740 1907; x_wconf 81' lang='lat' dir='ltr'><strong>cavat</strong></span> <span class='ocrx_word' id='word_1_120' title='bbox 751 1863 850 1924; x_wconf 80' lang='lat' dir='ltr'><strong>improba</strong></span> <span class='ocrx_word' id='word_1_121' title='bbox 864 1867 945 1929; x_wconf 81' lang='lat' dir='ltr'><strong>Mopsi.</strong></span> <span class='ocrx_word' id='word_1_122' title='bbox 958 1871 1071 1918; x_wconf 87' lang='lat' dir='ltr'><strong>Nonnulli</strong></span> 
     </span>
     <span class='ocr_line' id='line_1_17' title="bbox 36 1930 1104 1995; baseline 0.019 -22"><span class='ocrx_word' id='word_1_123' title='bbox 36 1930 95 1974; x_wconf 85' lang='lat' dir='ltr'><strong>codd.</strong></span> <span class='ocrx_word' id='word_1_124' title='bbox 111 1948 148 1994; x_wconf 86' lang='lat' dir='ltr'><strong>ap.</strong></span> <span class='ocrx_word' id='word_1_125' title='bbox 167 1934 230 1979; x_wconf 86' lang='lat' dir='ltr'><strong>Picr.</strong></span> <span class='ocrx_word' id='word_1_126' title='bbox 248 1934 327 1980; x_wconf 84' lang='lat' dir='ltr'><strong>Heius.</strong></span> <span class='ocrx_word' id='word_1_127' title='bbox 342 1944 364 1978; x_wconf 88' lang='lat' dir='ltr'><strong>et</strong></span> <span class='ocrx_word' id='word_1_128' title='bbox 375 1933 452 1977; x_wconf 81' lang='lat' dir='ltr'><strong>Burni.</strong></span> <span class='ocrx_word' id='word_1_129' title='bbox 466 1947 519 1977; x_wconf 87' lang='lat' dir='ltr'><strong>cum</strong></span> <span class='ocrx_word' id='word_1_130' title='bbox 531 1932 568 1978; x_wconf 88' lang='lat' dir='ltr'><strong>ed.</strong></span> <span class='ocrx_word' id='word_1_131' title='bbox 582 1932 679 1978; x_wconf 88' lang='lat' dir='ltr'><strong>Mediol.</strong></span> <span class='ocrx_word' id='word_1_132' title='bbox 698 1933 740 1978; x_wconf 88' lang='lat' dir='ltr'><strong>Ed.</strong></span> <span class='ocrx_word' id='word_1_133' title='bbox 753 1933 805 1979; x_wconf 76' lang='grc' dir='ltr'><strong>ΔΜ.</strong></span> <span class='ocrx_word' id='word_1_134' title='bbox 817 1950 852 1995; x_wconf 86' lang='lat' dir='ltr'><strong>pr.</strong></span> <span class='ocrx_word' id='word_1_135' title='bbox 865 1951 917 1982; x_wconf 86' lang='lat' dir='ltr'><strong>cum</strong></span> <span class='ocrx_word' id='word_1_136' title='bbox 928 1940 992 1985; x_wconf 85' lang='lat' dir='ltr'><strong>Jnnt.</strong></span> <span class='ocrx_word' id='word_1_137' title='bbox 1016 1947 1073 1992; x_wconf 79' lang='lat'><strong>1520</strong></span> <span class='ocrx_word' id='word_1_138' title='bbox 1096 1943 1104 1968; x_wconf 56' lang='lat' dir='ltr'><strong>l</strong></span> 
     </span>
     <span class='ocr_line' id='line_1_18' title="bbox 38 2001 1106 2078; baseline 0.019 -36"><span class='ocrx_word' id='word_1_139' title='bbox 38 2001 180 2048; x_wconf 80' lang='lat' dir='ltr'><strong>Troruadiit:</strong></span> <span class='ocrx_word' id='word_1_140' title='bbox 201 2004 238 2050; x_wconf 87' lang='lat' dir='ltr'><strong>ed.</strong></span> <span class='ocrx_word' id='word_1_141' title='bbox 256 2005 317 2050; x_wconf 89' lang='lat' dir='ltr'><strong>Ven.</strong></span> <span class='ocrx_word' id='word_1_142' title='bbox 335 2001 483 2067; x_wconf 66' lang='lat' dir='ltr'><strong>Trunsabtqit.</strong></span> <span class='ocrx_word' id='word_1_143' title='bbox 500 2002 578 2064; x_wconf 69' lang='lat' dir='ltr'><strong>Vulgo</strong></span> <span class='ocrx_word' id='word_1_144' title='bbox 595 2015 647 2049; x_wconf 85' lang='lat' dir='ltr'><strong>ante</strong></span> <span class='ocrx_word' id='word_1_145' title='bbox 666 2004 745 2050; x_wconf 87' lang='lat' dir='ltr'><strong>Heius.</strong></span> <span class='ocrx_word' id='word_1_146' title='bbox 759 2019 904 2065; x_wconf 81' lang='lat' dir='ltr'><strong>expressum:</strong></span> <span class='ocrx_word' id='word_1_147' title='bbox 920 2010 1072 2078; x_wconf 67' lang='lat' dir='ltr'><strong>Transadspit,</strong></span> <span class='ocrx_word' id='word_1_148' title='bbox 1101 2043 1106 2054; x_wconf 88' lang='lat'><strong>.</strong></span> 
     </span>
     <span class='ocr_line' id='line_1_19' title="bbox 36 2065 1072 2137; baseline 0.023 -31"><span class='ocrx_word' id='word_1_149' title='bbox 36 2073 92 2131; x_wconf 72' lang='lat' dir='ltr'><strong>quod</strong></span> <span class='ocrx_word' id='word_1_150' title='bbox 100 2073 204 2120; x_wconf 60' lang='lat' dir='ltr'><strong>alienum</strong></span> <span class='ocrx_word' id='word_1_151' title='bbox 214 2091 227 2120; x_wconf 67' lang='lat'><strong><em>3</em></strong></span> <span class='ocrx_word' id='word_1_152' title='bbox 239 2074 293 2120; x_wconf 72' lang='lat'><strong>1000</strong></span> <span class='ocrx_word' id='word_1_153' title='bbox 304 2074 362 2130; x_wconf 79' lang='lat' dir='ltr'><strong>hoc,</strong></span> <span class='ocrx_word' id='word_1_154' title='bbox 374 2090 434 2137; x_wconf 85' lang='lat' dir='ltr'><strong>quo,</strong></span> <span class='ocrx_word' id='word_1_155' title='bbox 447 2065 624 2135; x_wconf 76' lang='lat' dir='ltr'><strong>transadigitur,</strong></span> <span class='ocrx_word' id='word_1_156' title='bbox 636 2074 811 2137; x_wconf 81' lang='lat' dir='ltr'><strong>requirebatur;</strong></span> <span class='ocrx_word' id='word_1_157' title='bbox 823 2077 867 2120; x_wconf 88' lang='lat' dir='ltr'><strong>nisi</strong></span> <span class='ocrx_word' id='word_1_158' title='bbox 877 2077 951 2133; x_wconf 83' lang='lat' dir='ltr'><strong>dicas,</strong></span> <span class='ocrx_word' id='word_1_159' title='bbox 965 2093 991 2127; x_wconf 84' lang='lat' dir='ltr'><strong>ut</strong></span> <span class='ocrx_word' id='word_1_160' title='bbox 1000 2085 1072 2134; x_wconf 76' lang='lat' dir='ltr'><strong>multa</strong></span> 
     </span>
     <span class='ocr_line' id='line_1_20' title="bbox 36 2139 1072 2217; baseline 0.02 -34"><span class='ocrx_word' id='word_1_161' title='bbox 36 2139 83 2196; x_wconf 84' lang='lat' dir='ltr'><strong>alia,</strong></span> <span class='ocrx_word' id='word_1_162' title='bbox 94 2145 123 2188; x_wconf 84' lang='lat' dir='ltr'><strong>ita</strong></span> <span class='ocrx_word' id='word_1_163' title='bbox 134 2143 182 2190; x_wconf 88' lang='lat' dir='ltr'><strong>hoc</strong></span> <span class='ocrx_word' id='word_1_164' title='bbox 194 2146 337 2209; x_wconf 74' lang='lat' dir='ltr'><strong>tmtuadiqit‚</strong></span> <span class='ocrx_word' id='word_1_165' title='bbox 350 2143 487 2190; x_wconf 82' lang='lat' dir='ltr'><strong>neutraliter</strong></span> <span class='ocrx_word' id='word_1_166' title='bbox 495 2143 582 2188; x_wconf 89' lang='lat' dir='ltr'><strong>dictum</strong></span> <span class='ocrx_word' id='word_1_167' title='bbox 591 2157 653 2199; x_wconf 87' lang='lat' dir='ltr'><strong>esse,</strong></span> <span class='ocrx_word' id='word_1_168' title='bbox 663 2154 702 2188; x_wconf 85' lang='lat' dir='ltr'><strong>aut</strong></span> <span class='ocrx_word' id='word_1_169' title='bbox 711 2142 819 2205; x_wconf 83' lang='lat' dir='ltr'><strong>suppleas</strong></span> <span class='ocrx_word' id='word_1_170' title='bbox 829 2160 860 2190; x_wconf 81' lang='lat' dir='ltr'><strong>ss.</strong></span> <span class='ocrx_word' id='word_1_171' title='bbox 869 2145 950 2194; x_wconf 83' lang='lat' dir='ltr'><strong>Exibet</strong></span> <span class='ocrx_word' id='word_1_172' title='bbox 957 2149 1016 2198; x_wconf 90' lang='lat' dir='ltr'><strong>illud</strong></span> <span class='ocrx_word' id='word_1_173' title='bbox 1023 2157 1072 2217; x_wconf 85' lang='lat' dir='ltr'><strong>jam</strong></span> 
     </span>
     <span class='ocr_line' id='line_1_21' title="bbox 35 2210 1072 2282; baseline 0.018 -27"><span class='ocrx_word' id='word_1_174' title='bbox 35 2210 81 2256; x_wconf 75' lang='lat' dir='ltr'><strong>Ald.</strong></span> <span class='ocrx_word' id='word_1_175' title='bbox 93 2229 136 2260; x_wconf 85' lang='lat' dir='ltr'><strong>sec.</strong></span> <span class='ocrx_word' id='word_1_176' title='bbox 153 2217 220 2261; x_wconf 84' lang='lat'><strong>1505.</strong></span> <span class='ocrx_word' id='word_1_177' title='bbox 231 2219 259 2261; x_wconf 80' lang='lat' dir='ltr'><strong>At</strong></span> <span class='ocrx_word' id='word_1_178' title='bbox 270 2218 371 2277; x_wconf 61' lang='lat' dir='ltr'><strong>Nauger.</strong></span> <span class='ocrx_word' id='word_1_179' title='bbox 382 2215 433 2260; x_wconf 85' lang='lat' dir='ltr'><strong>Ald.</strong></span> <span class='ocrx_word' id='word_1_180' title='bbox 447 2213 505 2271; x_wconf 62' lang='lat'><strong>1514</strong></span> <span class='ocrx_word' id='word_1_181' title='bbox 523 2212 656 2259; x_wconf 77' lang='lat' dir='ltr'><strong>Tmnsaltu.</strong></span> <span class='ocrx_word' id='word_1_182' title='bbox 667 2214 764 2260; x_wconf 86' lang='lat' dir='ltr'><strong>Variam</strong></span> <span class='ocrx_word' id='word_1_183' title='bbox 775 2214 830 2260; x_wconf 91' lang='lat' dir='ltr'><strong>hinc</strong></span> <span class='ocrx_word' id='word_1_184' title='bbox 842 2215 895 2261; x_wconf 86' lang='lat' dir='ltr'><strong>edd.</strong></span> <span class='ocrx_word' id='word_1_185' title='bbox 908 2233 972 2282; x_wconf 82' lang='lat' dir='ltr'><strong>seqq.</strong></span> <span class='ocrx_word' id='word_1_186' title='bbox 986 2223 1072 2274; x_wconf 88' lang='lat' dir='ltr'><strong>Medic.</strong></span> 
     </span>
     <span class='ocr_line' id='line_1_22' title="bbox 35 2285 1075 2349; baseline 0.012 -23"><span class='ocrx_word' id='word_1_187' title='bbox 35 2299 83 2327; x_wconf 80' lang='lat' dir='ltr'><strong>arn.</strong></span> <span class='ocrx_word' id='word_1_188' title='bbox 95 2302 130 2346; x_wconf 89' lang='lat' dir='ltr'><strong>pr.</strong></span> <span class='ocrx_word' id='word_1_189' title='bbox 147 2288 300 2334; x_wconf 82' lang='lat' dir='ltr'><strong>Transudilit.</strong></span> <span class='ocrx_word' id='word_1_190' title='bbox 311 2285 401 2332; x_wconf 89' lang='lat' dir='ltr'><strong>Zulich.</strong></span> <span class='ocrx_word' id='word_1_191' title='bbox 416 2299 438 2332; x_wconf 87' lang='lat' dir='ltr'><strong>et</strong></span> <span class='ocrx_word' id='word_1_192' title='bbox 450 2287 531 2331; x_wconf 86' lang='lat' dir='ltr'><strong>Franc.</strong></span> <span class='ocrx_word' id='word_1_193' title='bbox 547 2289 670 2349; x_wconf 78' lang='lat' dir='ltr'><strong>Trauseqit.</strong></span> <span class='ocrx_word' id='word_1_194' title='bbox 683 2295 775 2348; x_wconf 81' lang='lat' dir='ltr'><strong>pectora</strong></span> <span class='ocrx_word' id='word_1_195' title='bbox 784 2287 879 2332; x_wconf 61' lang='lat' dir='ltr'><strong>canduit</strong></span> <span class='ocrx_word' id='word_1_196' title='bbox 888 2289 953 2335; x_wconf 86' lang='lat' dir='ltr'><strong>Rom.</strong></span> <span class='ocrx_word' id='word_1_197' title='bbox 966 2309 1017 2340; x_wconf 87' lang='lat' dir='ltr'><strong>cum</strong></span> <span class='ocrx_word' id='word_1_198' title='bbox 1031 2297 1075 2344; x_wconf 86' lang='lat' dir='ltr'><strong>ali.</strong></span> 
     </span>
     <span class='ocr_line' id='line_1_23' title="bbox 36 2354 1075 2419; baseline 0.016 -23"><span class='ocrx_word' id='word_1_199' title='bbox 36 2366 87 2412; x_wconf 89' lang='lat' dir='ltr'><strong>quot</strong></span> <span class='ocrx_word' id='word_1_200' title='bbox 98 2354 148 2400; x_wconf 88' lang='lat' dir='ltr'><strong>aliis</strong></span> <span class='ocrx_word' id='word_1_201' title='bbox 160 2357 225 2402; x_wconf 86' lang='lat' dir='ltr'><strong>Pier.</strong></span> <span class='ocrx_word' id='word_1_202' title='bbox 242 2359 319 2419; x_wconf 90' lang='lat' dir='ltr'><strong>Sprot.</strong></span> <span class='ocrx_word' id='word_1_203' title='bbox 333 2369 356 2402; x_wconf 89' lang='lat' dir='ltr'><strong>et</strong></span> <span class='ocrx_word' id='word_1_204' title='bbox 367 2369 414 2401; x_wconf 86' lang='lat' dir='ltr'><strong>tres</strong></span> <span class='ocrx_word' id='word_1_205' title='bbox 426 2354 466 2400; x_wconf 90' lang='lat' dir='ltr'><strong>alii</strong></span> <span class='ocrx_word' id='word_1_206' title='bbox 483 2357 562 2400; x_wconf 74' lang='lat' dir='ltr'><strong>Burin.</strong></span> <span class='ocrx_word' id='word_1_207' title='bbox 581 2358 666 2418; x_wconf 83' lang='lat' dir='ltr'><strong>rumpit</strong></span> <span class='ocrx_word' id='word_1_208' title='bbox 680 2355 762 2401; x_wconf 87' lang='lat' dir='ltr'><strong>itidem</strong></span> <span class='ocrx_word' id='word_1_209' title='bbox 774 2356 852 2402; x_wconf 84' lang='lat' dir='ltr'><strong>Heius.</strong></span> <span class='ocrx_word' id='word_1_210' title='bbox 866 2358 975 2406; x_wconf 85' lang='lat' dir='ltr'><strong>eMedic.</strong></span> <span class='ocrx_word' id='word_1_211' title='bbox 989 2376 1012 2408; x_wconf 91' lang='lat' dir='ltr'><strong>et</strong></span> <span class='ocrx_word' id='word_1_212' title='bbox 1023 2365 1075 2414; x_wconf 83' lang='lat' dir='ltr'><strong>aliis</strong></span> 
     </span>
     <span class='ocr_line' id='line_1_24' title="bbox 37 2427 1074 2490; baseline 0.016 -23"><span class='ocrx_word' id='word_1_213' title='bbox 37 2427 196 2473; x_wconf 75' lang='lat' dir='ltr'><strong>vetustioribus</strong></span> <span class='ocrx_word' id='word_1_214' title='bbox 208 2444 262 2473; x_wconf 90' lang='lat' dir='ltr'><strong>cum</strong></span> <span class='ocrx_word' id='word_1_215' title='bbox 278 2431 338 2483; x_wconf 88' lang='lat' dir='ltr'><strong>suis,</strong></span> <span class='ocrx_word' id='word_1_216' title='bbox 357 2439 405 2472; x_wconf 81' lang='lat' dir='ltr'><strong>tuin</strong></span> <span class='ocrx_word' id='word_1_217' title='bbox 418 2428 460 2472; x_wconf 84' lang='lat' dir='ltr'><strong>Ge.</strong></span> <span class='ocrx_word' id='word_1_218' title='bbox 472 2427 573 2472; x_wconf 77' lang='lat' dir='ltr'><strong>Fabricii</strong></span> <span class='ocrx_word' id='word_1_219' title='bbox 589 2427 661 2474; x_wconf 87' lang='lat' dir='ltr'><strong>dedit.</strong></span> <span class='ocrx_word' id='word_1_220' title='bbox 678 2427 762 2490; x_wconf 73' lang='lat' dir='ltr'><strong>Vulqg.</strong></span> <span class='ocrx_word' id='word_1_221' title='bbox 780 2431 847 2490; x_wconf 85' lang='lat' dir='ltr'><strong>rupit.</strong></span> <span class='ocrx_word' id='word_1_222' title='bbox 859 2453 889 2464; x_wconf 90' lang='lat'><strong>--</strong></span> <span class='ocrx_word' id='word_1_223' title='bbox 900 2429 953 2486; x_wconf 68' lang='grc'>433.</span> <span class='ocrx_word' id='word_1_224' title='bbox 970 2433 1074 2484; x_wconf 84' lang='lat' dir='ltr'><strong>Volvitur</strong></span> 
     </span>
     <span class='ocr_line' id='line_1_25' title="bbox 36 2490 1071 2559; baseline 0.016 -22"><span class='ocrx_word' id='word_1_225' title='bbox 36 2490 73 2538; x_wconf 88' lang='lat' dir='ltr'><strong>leto</strong></span> <span class='ocrx_word' id='word_1_226' title='bbox 81 2495 223 2557; x_wconf 75' lang='lat' dir='ltr'><strong>displicebat</strong></span> <span class='ocrx_word' id='word_1_227' title='bbox 234 2500 271 2542; x_wconf 87' lang='lat' dir='ltr'><strong>Jo.</strong></span> <span class='ocrx_word' id='word_1_228' title='bbox 288 2496 432 2544; x_wconf 86' lang='lat' dir='ltr'><strong>Schradero:</strong></span> <span class='ocrx_word' id='word_1_229' title='bbox 444 2495 591 2559; x_wconf 87' lang='lat' dir='ltr'><strong>malebatque</strong></span> <span class='ocrx_word' id='word_1_230' title='bbox 608 2497 670 2543; x_wconf 81' lang='lat' dir='ltr'><strong>idem</strong></span> <span class='ocrx_word' id='word_1_231' title='bbox 687 2494 785 2542; x_wconf 82' lang='lat' dir='ltr'><strong>Solvitur</strong></span> <span class='ocrx_word' id='word_1_232' title='bbox 793 2495 831 2541; x_wconf 87' lang='lat' dir='ltr'><strong>vel</strong></span> <span class='ocrx_word' id='word_1_233' title='bbox 846 2495 951 2544; x_wconf 82' lang='lat' dir='ltr'><strong>Volvitur</strong></span> <span class='ocrx_word' id='word_1_234' title='bbox 964 2501 992 2546; x_wconf 85' lang='lat' dir='ltr'><strong>E.</strong></span> <span class='ocrx_word' id='word_1_235' title='bbox 1005 2513 1071 2553; x_wconf 85' lang='lat' dir='ltr'><strong>terra.</strong></span> 
     </span>
     <span class='ocr_line' id='line_1_26' title="bbox 36 2563 1073 2632; baseline 0.021 -31"><span class='ocrx_word' id='word_1_236' title='bbox 36 2563 87 2609; x_wconf 71' lang='lat' dir='ltr'><strong>tabo,</strong></span> <span class='ocrx_word' id='word_1_237' title='bbox 98 2563 160 2612; x_wconf 66' lang='lat' dir='ltr'><strong>vide</strong></span> <span class='ocrx_word' id='word_1_238' title='bbox 173 2569 265 2614; x_wconf 61' lang='lat' dir='ltr'><strong>Noun),</strong></span> <span class='ocrx_word' id='word_1_239' title='bbox 277 2593 308 2603; x_wconf 77' lang='grc'><strong>.-</strong></span> <span class='ocrx_word' id='word_1_240' title='bbox 320 2567 372 2625; x_wconf 70' lang='grc'>436.</span> <span class='ocrx_word' id='word_1_241' title='bbox 385 2569 514 2631; x_wconf 82' lang='lat' dir='ltr'><strong>Linquescit</strong></span> <span class='ocrx_word' id='word_1_242' title='bbox 522 2567 619 2614; x_wconf 78' lang='lat' dir='ltr'><strong>Dorrill.</strong></span> <span class='ocrx_word' id='word_1_243' title='bbox 631 2566 701 2624; x_wconf 78' lang='lat' dir='ltr'><strong>lasso,</strong></span> <span class='ocrx_word' id='word_1_244' title='bbox 711 2566 775 2630; x_wconf 91' lang='lat' dir='ltr'><strong>quod</strong></span> <span class='ocrx_word' id='word_1_245' title='bbox 786 2569 885 2630; x_wconf 71' lang='lat' dir='ltr'><strong>Nauger.</strong></span> <span class='ocrx_word' id='word_1_246' title='bbox 896 2574 1008 2632; x_wconf 82' lang='lat' dir='ltr'><strong>restituit,</strong></span> <span class='ocrx_word' id='word_1_247' title='bbox 1022 2593 1073 2626; x_wconf 81' lang='lat' dir='ltr'><strong>me-</strong></span> 
     </span>
     <span class='ocr_line' id='line_1_27' title="bbox 35 2635 1074 2706; baseline 0.016 -29"><span class='ocrx_word' id='word_1_248' title='bbox 35 2635 74 2679; x_wconf 85' lang='lat' dir='ltr'><strong>rito</strong></span> <span class='ocrx_word' id='word_1_249' title='bbox 85 2636 195 2683; x_wconf 76' lang='lat' dir='ltr'><strong>defendit</strong></span> <span class='ocrx_word' id='word_1_250' title='bbox 211 2640 331 2693; x_wconf 87' lang='lat' dir='ltr'><strong>lleinsius;</strong></span> <span class='ocrx_word' id='word_1_251' title='bbox 342 2637 411 2683; x_wconf 88' lang='lat' dir='ltr'><strong>Ovid.</strong></span> <span class='ocrx_word' id='word_1_252' title='bbox 424 2638 481 2683; x_wconf 87' lang='lat' dir='ltr'><strong>Met.</strong></span> <span class='ocrx_word' id='word_1_253' title='bbox 491 2638 535 2692; x_wconf 95' lang='lat' dir='ltr'><strong>lll,</strong></span> <span class='ocrx_word' id='word_1_254' title='bbox 548 2639 591 2684; x_wconf 79' lang='lat'><strong>502</strong></span> <span class='ocrx_word' id='word_1_255' title='bbox 602 2637 631 2683; x_wconf 89' lang='lat' dir='ltr'><strong>de</strong></span> <span class='ocrx_word' id='word_1_256' title='bbox 641 2640 761 2683; x_wconf 84' lang='lat' dir='ltr'><strong>Narcisso:</strong></span> <span class='ocrx_word' id='word_1_257' title='bbox 779 2635 816 2682; x_wconf 85' lang='lat' dir='ltr'><strong>ille</strong></span> <span class='ocrx_word' id='word_1_258' title='bbox 826 2647 895 2700; x_wconf 84' lang='lat' dir='ltr'><strong>caput</strong></span> <span class='ocrx_word' id='word_1_259' title='bbox 909 2643 976 2687; x_wconf 72' lang='lat' dir='ltr'><strong>viruli</strong></span> <span class='ocrx_word' id='word_1_260' title='bbox 982 2645 1074 2706; x_wconf 83' lang='lat' dir='ltr'><strong>sessum</strong></span> 
     </span>
     <span class='ocr_line' id='line_1_28' title="bbox 36 2703 1073 2780; baseline 0.015 -34"><span class='ocrx_word' id='word_1_261' title='bbox 36 2703 130 2750; x_wconf 77' lang='lat' dir='ltr'><strong>submisit</strong></span> <span class='ocrx_word' id='word_1_262' title='bbox 139 2709 164 2750; x_wconf 87' lang='lat' dir='ltr'><strong>in</strong></span> <span class='ocrx_word' id='word_1_263' title='bbox 174 2705 251 2752; x_wconf 76' lang='lat' dir='ltr'><strong>lierda.</strong></span> <span class='ocrx_word' id='word_1_264' title='bbox 261 2707 320 2752; x_wconf 81' lang='lat' dir='ltr'><strong>Edd.</strong></span> <span class='ocrx_word' id='word_1_265' title='bbox 332 2719 388 2754; x_wconf 86' lang='lat' dir='ltr'><strong>vett.</strong></span> <span class='ocrx_word' id='word_1_266' title='bbox 400 2723 453 2753; x_wconf 86' lang='lat' dir='ltr'><strong>cum</strong></span> <span class='ocrx_word' id='word_1_267' title='bbox 462 2706 546 2752; x_wconf 81' lang='lat' dir='ltr'><strong>Aldina</strong></span> <span class='ocrx_word' id='word_1_268' title='bbox 556 2709 634 2768; x_wconf 88' lang='lat' dir='ltr'><strong>priore</strong></span> <span class='ocrx_word' id='word_1_269' title='bbox 644 2720 667 2753; x_wconf 88' lang='lat' dir='ltr'><strong>et</strong></span> <span class='ocrx_word' id='word_1_270' title='bbox 676 2723 729 2769; x_wconf 84' lang='lat' dir='ltr'><strong>pars</strong></span> <span class='ocrx_word' id='word_1_271' title='bbox 738 2706 807 2752; x_wconf 86' lang='lat' dir='ltr'><strong>codd.</strong></span> <span class='ocrx_word' id='word_1_272' title='bbox 820 2709 889 2753; x_wconf 89' lang='lat' dir='ltr'><strong>Pierii</strong></span> <span class='ocrx_word' id='word_1_273' title='bbox 899 2707 1015 2759; x_wconf 87' lang='lat' dir='ltr'><strong>habebant</strong></span> <span class='ocrx_word' id='word_1_274' title='bbox 1024 2715 1073 2780; x_wconf 83' lang='lat' dir='ltr'><strong>lap·</strong></span> 
     </span>
     <span class='ocr_line' id='line_1_29' title="bbox 35 2774 1075 2886; baseline 0.019 -76"><span class='ocrx_word' id='word_1_275' title='bbox 35 2785 68 2886; x_wconf 55' lang='lat' dir='ltr'><strong>sip</strong></span> <span class='ocrx_word' id='word_1_276' title='bbox 84 2775 147 2835; x_wconf 59' lang='lat' dir='ltr'><strong>,pud</strong></span> <span class='ocrx_word' id='word_1_277' title='bbox 156 2775 270 2822; x_wconf 69' lang='lat' dir='ltr'><strong>·0undem</strong></span> <span class='ocrx_word' id='word_1_278' title='bbox 288 2774 342 2823; x_wconf 72' lang='lat' dir='ltr'><strong>edd.</strong></span> <span class='ocrx_word' id='word_1_279' title='bbox 361 2774 421 2822; x_wconf 73' lang='lat' dir='ltr'><strong>laxo.</strong></span> <span class='ocrx_word' id='word_1_280' title='bbox 430 2799 463 2813; x_wconf 90' lang='lat'>-</span> <span class='ocrx_word' id='word_1_281' title='bbox 471 2774 524 2838; x_wconf 71' lang='lat'><strong>437.</strong></span> <span class='ocrx_word' id='word_1_282' title='bbox 535 2777 645 2823; x_wconf 79' lang='lat' dir='ltr'><strong>Dimitere</strong></span> <span class='ocrx_word' id='word_1_283' title='bbox 658 2777 748 2840; x_wconf 86' lang='lat' dir='ltr'><strong>aliquot</strong></span> <span class='ocrx_word' id='word_1_284' title='bbox 758 2779 837 2822; x_wconf 78' lang='lat' dir='ltr'><strong>Bru-tn.</strong></span> <span class='ocrx_word' id='word_1_285' title='bbox 849 2802 881 2813; x_wconf 90' lang='lat'>—</span> <span class='ocrx_word' id='word_1_286' title='bbox 891 2776 944 2833; x_wconf 70' lang='lat'><strong>438.</strong></span> <span class='ocrx_word' id='word_1_287' title='bbox 954 2781 990 2826; x_wconf 81' lang='lat' dir='ltr'><strong>Ac</strong></span> <span class='ocrx_word' id='word_1_288' title='bbox 1005 2784 1042 2829; x_wconf 83' lang='lat' dir='ltr'><strong>vel</strong></span> <span class='ocrx_word' id='word_1_289' title='bbox 1053 2795 1075 2830; x_wconf 92' lang='lat' dir='ltr'><strong>et</strong></span> 
     </span>
     <span class='ocr_line' id='line_1_30' title="bbox 36 2844 196 2906; baseline 0.044 -22"><span class='ocrx_word' id='word_1_290' title='bbox 36 2844 119 2906; x_wconf 82' lang='lat' dir='ltr'><strong>aiquot</strong></span> <span class='ocrx_word' id='word_1_291' title='bbox 132 2847 196 2891; x_wconf 84' lang='lat' dir='ltr'><strong>Pier.</strong></span> 
     </span>
    </p>
   </div>
   <div class='ocr_carea' id='block_1_5' title="bbox 35 3017 1082 4042">
    <p class='ocr_par' dir='ltr' id='par_1_7' title="bbox 35 3017 1082 4042">
     <span class='ocr_line' id='line_1_31' title="bbox 37 3017 1072 3089; baseline 0.009 -26"><span class='ocrx_word' id='word_1_292' title='bbox 37 3018 183 3068; x_wconf 88' lang='lat' dir='ltr'><strong>orationem</strong></span> <span class='ocrx_word' id='word_1_293' title='bbox 205 3035 265 3069; x_wconf 86' lang='lat' dir='ltr'><strong>cum</strong></span> <span class='ocrx_word' id='word_1_294' title='bbox 284 3020 342 3089; x_wconf 83' lang='lat' dir='ltr'><strong>ipso</strong></span> <span class='ocrx_word' id='word_1_295' title='bbox 360 3019 419 3070; x_wconf 91' lang='lat' dir='ltr'><strong>Nisi</strong></span> <span class='ocrx_word' id='word_1_296' title='bbox 433 3018 530 3071; x_wconf 84' lang='lat' dir='ltr'><strong>calore.</strong></span> <span class='ocrx_word' id='word_1_297' title='bbox 580 3017 1072 3087; x_wconf 83' lang='lat' dir='ltr'><strong>tandumpraeterverborumornatnm.</strong></span> 
     </span>
     <span class='ocr_line' id='line_1_32' title="bbox 37 3093 1079 3167; baseline 0.006 -23"><span class='ocrx_word' id='word_1_298' title='bbox 37 3094 65 3144; x_wconf 84' lang='lat' dir='ltr'><strong>Et</strong></span> <span class='ocrx_word' id='word_1_299' title='bbox 81 3095 128 3147; x_wconf 88' lang='lat' dir='ltr'><strong>illa</strong></span> <span class='ocrx_word' id='word_1_300' title='bbox 146 3096 209 3160; x_wconf 83' lang='lat' dir='ltr'><strong>Me,</strong></span> <span class='ocrx_word' id='word_1_301' title='bbox 226 3115 268 3147; x_wconf 84' lang='lat' dir='ltr'><strong>me</strong></span> <span class='ocrx_word' id='word_1_302' title='bbox 285 3110 334 3148; x_wconf 89' lang='lat' dir='ltr'><strong>etc.</strong></span> <span class='ocrx_word' id='word_1_303' title='bbox 352 3109 397 3149; x_wconf 84' lang='lat' dir='ltr'><strong>et:</strong></span> <span class='ocrx_word' id='word_1_304' title='bbox 417 3098 531 3148; x_wconf 83' lang='lat' dir='ltr'><strong>Tantum</strong></span> <span class='ocrx_word' id='word_1_305' title='bbox 580 3099 649 3148; x_wconf 88' lang='lat' dir='ltr'><strong>Nam</strong></span> <span class='ocrx_word' id='word_1_306' title='bbox 671 3097 827 3167; x_wconf 78' lang='lat' dir='ltr'><strong>praeclarum</strong></span> <span class='ocrx_word' id='word_1_307' title='bbox 850 3093 917 3146; x_wconf 89' lang='lat' dir='ltr'><strong>illud</strong></span> <span class='ocrx_word' id='word_1_308' title='bbox 937 3117 943 3145; x_wconf 89' lang='lat'><strong>:</strong></span> <span class='ocrx_word' id='word_1_309' title='bbox 965 3097 1079 3154; x_wconf 64' lang='lat' dir='ltr'><strong>tutemus</strong></span> 
     </span>
     <span class='ocr_line' id='line_1_33' title="bbox 38 3173 1077 3245; baseline 0.008 -22"><span class='ocrx_word' id='word_1_310' title='bbox 38 3175 170 3245; x_wconf 81' lang='lat' dir='ltr'><strong>infelicem</strong></span> <span class='ocrx_word' id='word_1_311' title='bbox 185 3176 300 3227; x_wconf 81' lang='lat' dir='ltr'><strong>nimium</strong></span> <span class='ocrx_word' id='word_1_312' title='bbox 310 3175 403 3228; x_wconf 84' lang='lat' dir='ltr'><strong>dilexit</strong></span> <span class='ocrx_word' id='word_1_313' title='bbox 415 3178 532 3228; x_wconf 82' lang='lat' dir='ltr'><strong>amicum</strong></span> <span class='ocrx_word' id='word_1_314' title='bbox 581 3185 683 3239; x_wconf 84' lang='lat' dir='ltr'><strong>aratro,</strong></span> <span class='ocrx_word' id='word_1_315' title='bbox 694 3193 812 3244; x_wconf 79' lang='lat' dir='ltr'><strong>queres,</strong></span> <span class='ocrx_word' id='word_1_316' title='bbox 826 3192 883 3244; x_wconf 81' lang='lat' dir='ltr'><strong>quae</strong></span> <span class='ocrx_word' id='word_1_317' title='bbox 893 3173 981 3227; x_wconf 88' lang='lat' dir='ltr'><strong>multis</strong></span> <span class='ocrx_word' id='word_1_318' title='bbox 992 3179 1077 3231; x_wconf 89' lang='lat' dir='ltr'><strong>modis</strong></span> 
     </span>
     <span class='ocr_line' id='line_1_34' title="bbox 36 3254 1077 3326; baseline 0.005 -20"><span class='ocrx_word' id='word_1_319' title='bbox 36 3255 133 3321; x_wconf 70' lang='lat' dir='ltr'><strong>-i3o.</strong></span> <span class='ocrx_word' id='word_1_320' title='bbox 153 3257 215 3325; x_wconf 84' lang='lat' dir='ltr'><strong>quis</strong></span> <span class='ocrx_word' id='word_1_321' title='bbox 233 3273 288 3308; x_wconf 92' lang='lat' dir='ltr'><strong>non</strong></span> <span class='ocrx_word' id='word_1_322' title='bbox 304 3269 395 3307; x_wconf 80' lang='lat' dir='ltr'><strong>aestuet</strong></span> <span class='ocrx_word' id='word_1_323' title='bbox 408 3257 532 3326; x_wconf 78' lang='lat' dir='ltr'><strong>juvenilis</strong></span> <span class='ocrx_word' id='word_1_324' title='bbox 581 3254 763 3324; x_wconf 79' lang='lat' dir='ltr'><strong>fieripoterat‚</strong></span> <span class='ocrx_word' id='word_1_325' title='bbox 774 3267 825 3306; x_wconf 88' lang='lat' dir='ltr'><strong>tam</strong></span> <span class='ocrx_word' id='word_1_326' title='bbox 835 3255 1077 3311; x_wconf 84' lang='lat' dir='ltr'><strong>suaviteradunum</strong></span> 
     </span>
     <span class='ocr_line' id='line_1_35' title="bbox 38 3327 1079 3406; baseline 0.006 -24"><span class='ocrx_word' id='word_1_327' title='bbox 38 3336 137 3386; x_wconf 84' lang='lat' dir='ltr'><strong>animus</strong></span> <span class='ocrx_word' id='word_1_328' title='bbox 146 3335 218 3385; x_wconf 83' lang='lat' dir='ltr'><strong>inter</strong></span> <span class='ocrx_word' id='word_1_329' title='bbox 229 3334 384 3406; x_wconf 82' lang='lat' dir='ltr'><strong>legendum!</strong></span> <span class='ocrx_word' id='word_1_330' title='bbox 397 3333 532 3387; x_wconf 83' lang='lat' dir='ltr'><strong>Naturalis</strong></span> <span class='ocrx_word' id='word_1_331' title='bbox 583 3346 683 3385; x_wconf 90' lang='lat' dir='ltr'><strong>certum</strong></span> <span class='ocrx_word' id='word_1_332' title='bbox 705 3351 795 3385; x_wconf 87' lang='lat' dir='ltr'><strong>casum</strong></span> <span class='ocrx_word' id='word_1_333' title='bbox 816 3347 969 3399; x_wconf 85' lang='lat' dir='ltr'><strong>revocatur,</strong></span> <span class='ocrx_word' id='word_1_334' title='bbox 992 3355 1007 3387; x_wconf 85' lang='lat' dir='ltr'><strong>n</strong></span> <span class='ocrx_word' id='word_1_335' title='bbox 1030 3327 1079 3391; x_wconf 48' lang='lat' dir='ltr'><strong>Gai</strong></span> 
     </span>
     <span class='ocr_line' id='line_1_36' title="bbox 35 3409 1077 3485; baseline 0.005 -24"><span class='ocrx_word' id='word_1_336' title='bbox 35 3412 178 3464; x_wconf 78' lang='lat' dir='ltr'><strong>verborum</strong></span> <span class='ocrx_word' id='word_1_337' title='bbox 198 3413 266 3464; x_wconf 88' lang='lat' dir='ltr'><strong>ordo</strong></span> <span class='ocrx_word' id='word_1_338' title='bbox 285 3432 317 3466; x_wconf 84' lang='lat' dir='ltr'><strong>ex</strong></span> <span class='ocrx_word' id='word_1_339' title='bbox 336 3416 416 3465; x_wconf 85' lang='lat' dir='ltr'><strong>animi</strong></span> <span class='ocrx_word' id='word_1_340' title='bbox 430 3425 534 3485; x_wconf 87' lang='lat' dir='ltr'><strong>pertur-</strong></span> <span class='ocrx_word' id='word_1_341' title='bbox 582 3411 649 3463; x_wconf 86' lang='lat' dir='ltr'><strong>tullo</strong></span> <span class='ocrx_word' id='word_1_342' title='bbox 667 3423 803 3463; x_wconf 84' lang='lat' dir='ltr'><strong>mutuatus</strong></span> <span class='ocrx_word' id='word_1_343' title='bbox 820 3424 876 3462; x_wconf 88' lang='lat' dir='ltr'><strong>est:</strong></span> <span class='ocrx_word' id='word_1_344' title='bbox 892 3409 977 3464; x_wconf 85' lang='lat' dir='ltr'><strong>Carm.</strong></span> <span class='ocrx_word' id='word_1_345' title='bbox 995 3415 1045 3480; x_wconf 82' lang='lat' dir='ltr'><strong>xl,</strong></span> <span class='ocrx_word' id='word_1_346' title='bbox 1057 3421 1077 3470; x_wconf 88' lang='lat' dir='ltr'><strong>f.</strong></span> 
     </span>
     <span class='ocr_line' id='line_1_37' title="bbox 36 3489 1080 3568; baseline 0.007 -27"><span class='ocrx_word' id='word_1_347' title='bbox 36 3489 144 3543; x_wconf 85' lang='lat' dir='ltr'><strong>batione</strong></span> <span class='ocrx_word' id='word_1_348' title='bbox 165 3504 283 3543; x_wconf 81' lang='lat' dir='ltr'><strong>mutatus</strong></span> <span class='ocrx_word' id='word_1_349' title='bbox 303 3505 350 3544; x_wconf 86' lang='lat' dir='ltr'><strong>est.</strong></span> <span class='ocrx_word' id='word_1_350' title='bbox 365 3511 408 3542; x_wconf 88' lang='lat' dir='ltr'><strong>me</strong></span> <span class='ocrx_word' id='word_1_351' title='bbox 427 3506 472 3544; x_wconf 86' lang='lat' dir='ltr'><strong>aut</strong></span> <span class='ocrx_word' id='word_1_352' title='bbox 492 3511 534 3545; x_wconf 86' lang='lat' dir='ltr'><strong>me</strong></span> <span class='ocrx_word' id='word_1_353' title='bbox 581 3490 654 3562; x_wconf 85' lang='lat' dir='ltr'><strong>prati</strong></span> <span class='ocrx_word' id='word_1_354' title='bbox 667 3489 756 3541; x_wconf 86' lang='lat' dir='ltr'><strong>ultimi</strong></span> <span class='ocrx_word' id='word_1_355' title='bbox 763 3491 818 3568; x_wconf 83' lang='lat' dir='ltr'><strong>flos</strong></span> <span class='ocrx_word' id='word_1_356' title='bbox 826 3502 998 3562; x_wconf 83' lang='lat' dir='ltr'><strong>proetereunte</strong></span> <span class='ocrx_word' id='word_1_357' title='bbox 1006 3508 1080 3565; x_wconf 81' lang='lat' dir='ltr'><strong>pott-</strong></span> 
     </span>
     <span class='ocr_line' id='line_1_38' title="bbox 36 3570 1078 3643; baseline 0.005 -21"><span class='ocrx_word' id='word_1_358' title='bbox 36 3573 131 3640; x_wconf 85' lang='lat' dir='ltr'><strong>petite,</strong></span> <span class='ocrx_word' id='word_1_359' title='bbox 152 3585 200 3624; x_wconf 79' lang='lat' dir='ltr'><strong>aut</strong></span> <span class='ocrx_word' id='word_1_360' title='bbox 222 3570 425 3637; x_wconf 80' lang='lat' dir='ltr'><strong>retrahendum,</strong></span> <span class='ocrx_word' id='word_1_361' title='bbox 446 3572 474 3623; x_wconf 82' lang='lat' dir='ltr'><strong>in</strong></span> <span class='ocrx_word' id='word_1_362' title='bbox 494 3589 536 3623; x_wconf 83' lang='lat' dir='ltr'><strong>me</strong></span> <span class='ocrx_word' id='word_1_363' title='bbox 584 3581 763 3642; x_wconf 76' lang='lat' dir='ltr'><strong>quamtocius</strong></span> <span class='ocrx_word' id='word_1_364' title='bbox 783 3581 870 3622; x_wconf 86' lang='lat' dir='ltr'><strong>aratro</strong></span> <span class='ocrx_word' id='word_1_365' title='bbox 891 3582 933 3622; x_wconf 81' lang='lat' dir='ltr'><strong>est.</strong></span> <span class='ocrx_word' id='word_1_366' title='bbox 952 3585 977 3624; x_wconf 90' lang='lat' dir='ltr'><strong>et</strong></span> <span class='ocrx_word' id='word_1_367' title='bbox 995 3574 1078 3643; x_wconf 83' lang='lat' dir='ltr'>LXII,</span> 
     </span>
     <span class='ocr_line' id='line_1_39' title="bbox 36 3649 1078 3728; baseline 0.007 -30"><span class='ocrx_word' id='word_1_368' title='bbox 36 3653 193 3702; x_wconf 83' lang='lat' dir='ltr'><strong>convertite.</strong></span> <span class='ocrx_word' id='word_1_369' title='bbox 205 3679 241 3690; x_wconf 88' lang='lat'><strong>-—</strong></span> <span class='ocrx_word' id='word_1_370' title='bbox 253 3650 314 3718; x_wconf 75' lang='lat'><strong>433.</strong></span> <span class='ocrx_word' id='word_1_371' title='bbox 328 3649 456 3716; x_wconf 81' lang='lat' dir='ltr'><strong>volvitur,</strong></span> <span class='ocrx_word' id='word_1_372' title='bbox 473 3669 536 3723; x_wconf 85' lang='lat' dir='ltr'><strong>pro·</strong></span> <span class='ocrx_word' id='word_1_373' title='bbox 584 3649 619 3720; x_wconf 86' lang='grc'><strong>39</strong></span> <span class='ocrx_word' id='word_1_374' title='bbox 637 3667 691 3720; x_wconf 82' lang='lat' dir='ltr'><strong>sq,</strong></span> <span class='ocrx_word' id='word_1_375' title='bbox 714 3650 749 3702; x_wconf 85' lang='lat' dir='ltr'><strong>Ut</strong></span> <span class='ocrx_word' id='word_1_376' title='bbox 761 3649 815 3728; x_wconf 84' lang='lat' dir='ltr'><strong>flos</strong></span> <span class='ocrx_word' id='word_1_377' title='bbox 833 3649 861 3700; x_wconf 85' lang='lat' dir='ltr'><strong>in</strong></span> <span class='ocrx_word' id='word_1_378' title='bbox 876 3651 1078 3720; x_wconf 79' lang='lat' dir='ltr'><strong>septis-nullo</strong></span> 
     </span>
     <span class='ocr_line' id='line_1_40' title="bbox 35 3729 1080 3806; baseline 0.009 -28"><span class='ocrx_word' id='word_1_379' title='bbox 35 3729 171 3795; x_wconf 78' lang='lat' dir='ltr'><strong>volvitur,</strong></span> <span class='ocrx_word' id='word_1_380' title='bbox 195 3729 332 3796; x_wconf 85' lang='lat' dir='ltr'><strong>concidit,</strong></span> <span class='ocrx_word' id='word_1_381' title='bbox 356 3747 458 3794; x_wconf 77' lang='lat' dir='ltr'><strong>cesus,</strong></span> <span class='ocrx_word' id='word_1_382' title='bbox 482 3747 538 3780; x_wconf 91' lang='lat' dir='ltr'><strong>mo-</strong></span> <span class='ocrx_word' id='word_1_383' title='bbox 570 3741 706 3783; x_wconf 75' lang='lat' dir='ltr'><strong>contusus</strong></span> <span class='ocrx_word' id='word_1_384' title='bbox 715 3742 810 3782; x_wconf 84' lang='lat' dir='ltr'><strong>aratro.</strong></span> <span class='ocrx_word' id='word_1_385' title='bbox 825 3729 936 3783; x_wconf 89' lang='lat' dir='ltr'><strong>alterum</strong></span> <span class='ocrx_word' id='word_1_386' title='bbox 952 3733 985 3784; x_wconf 91' lang='lat' dir='ltr'><strong>de</strong></span> <span class='ocrx_word' id='word_1_387' title='bbox 998 3754 1080 3806; x_wconf 82' lang='lat' dir='ltr'><strong>papa-</strong></span> 
     </span>
     <span class='ocr_line' id='line_1_41' title="bbox 35 3807 1078 3882; baseline 0.004 -22"><span class='ocrx_word' id='word_1_388' title='bbox 35 3813 105 3863; x_wconf 83' lang='lat' dir='ltr'><strong>riens</strong></span> <span class='ocrx_word' id='word_1_389' title='bbox 120 3829 192 3882; x_wconf 88' lang='lat' dir='ltr'><strong>:pro</strong></span> <span class='ocrx_word' id='word_1_390' title='bbox 208 3810 262 3862; x_wconf 86' lang='lat' dir='ltr'><strong>hoc</strong></span> <span class='ocrx_word' id='word_1_391' title='bbox 283 3810 349 3863; x_wconf 82' lang='lat' dir='ltr'><strong>dixit</strong></span> <span class='ocrx_word' id='word_1_392' title='bbox 370 3808 429 3860; x_wconf 86' lang='lat' dir='ltr'><strong>leto.</strong></span> <span class='ocrx_word' id='word_1_393' title='bbox 442 3807 536 3875; x_wconf 71' lang='lat'>-435</span> <span class='ocrx_word' id='word_1_394' title='bbox 584 3827 646 3862; x_wconf 83' lang='lat' dir='ltr'><strong>vere</strong></span> <span class='ocrx_word' id='word_1_395' title='bbox 665 3820 749 3860; x_wconf 89' lang='lat' dir='ltr'><strong>totum</strong></span> <span class='ocrx_word' id='word_1_396' title='bbox 768 3809 937 3862; x_wconf 85' lang='lat' dir='ltr'><strong>Homericum</strong></span> <span class='ocrx_word' id='word_1_397' title='bbox 954 3823 992 3861; x_wconf 84' lang='lat' dir='ltr'><strong>est</strong></span> <span class='ocrx_word' id='word_1_398' title='bbox 1004 3812 1078 3864; x_wconf 90' lang='lat' dir='ltr'><strong>lliad.</strong></span> 
     </span>
     <span class='ocr_line' id='line_1_42' title="bbox 38 3887 1079 3960; baseline 0.001 -20"><span class='ocrx_word' id='word_1_399' title='bbox 38 3890 140 3960; x_wconf 76' lang='grc'>-437,</span> <span class='ocrx_word' id='word_1_400' title='bbox 159 3892 264 3943; x_wconf 77' lang='lat' dir='ltr'><strong>Eximio</strong></span> <span class='ocrx_word' id='word_1_401' title='bbox 282 3903 308 3942; x_wconf 88' lang='lat' dir='ltr'><strong>et</strong></span> <span class='ocrx_word' id='word_1_402' title='bbox 327 3891 414 3941; x_wconf 79' lang='lat' dir='ltr'><strong>suavis</strong></span> <span class='ocrx_word' id='word_1_403' title='bbox 433 3907 539 3960; x_wconf 81' lang='lat' dir='ltr'><strong>compe·</strong></span> <span class='ocrx_word' id='word_1_404' title='bbox 585 3888 619 3949; x_wconf 71' lang='grc' dir='ltr'><strong>θ,</strong></span> <span class='ocrx_word' id='word_1_405' title='bbox 640 3887 705 3952; x_wconf 85' lang='grc'>306,</span> <span class='ocrx_word' id='word_1_406' title='bbox 725 3889 784 3956; x_wconf 82' lang='lat'><strong>307.</strong></span> <span class='ocrx_word' id='word_1_407' title='bbox 804 3891 901 3941; x_wconf 87' lang='lat' dir='ltr'><strong>Imitati</strong></span> <span class='ocrx_word' id='word_1_408' title='bbox 920 3901 981 3941; x_wconf 90' lang='lat' dir='ltr'><strong>sunt</strong></span> <span class='ocrx_word' id='word_1_409' title='bbox 995 3891 1079 3941; x_wconf 91' lang='lat' dir='ltr'><strong>multi.</strong></span> 
     </span>
     <span class='ocr_line' id='line_1_43' title="bbox 36 3965 1082 4042; baseline -0.002 -22"><span class='ocrx_word' id='word_1_410' title='bbox 36 3971 118 4038; x_wconf 80' lang='lat' dir='ltr'><strong>ratio,</strong></span> <span class='ocrx_word' id='word_1_411' title='bbox 130 3970 179 4023; x_wconf 80' lang='lat' dir='ltr'><strong>sed</strong></span> <span class='ocrx_word' id='word_1_412' title='bbox 191 3971 219 4022; x_wconf 89' lang='lat' dir='ltr'><strong>in</strong></span> <span class='ocrx_word' id='word_1_413' title='bbox 230 3987 284 4042; x_wconf 87' lang='lat' dir='ltr'><strong>qna</strong></span> <span class='ocrx_word' id='word_1_414' title='bbox 293 3969 399 4029; x_wconf 76' lang='lat' dir='ltr'><strong>Maroni</strong></span> <span class='ocrx_word' id='word_1_415' title='bbox 408 3968 446 4020; x_wconf 92' lang='lat' dir='ltr'><strong>nil</strong></span> <span class='ocrx_word' id='word_1_416' title='bbox 455 3970 539 4038; x_wconf 83' lang='lat' dir='ltr'><strong>impu·</strong></span> <span class='ocrx_word' id='word_1_417' title='bbox 586 3965 672 4020; x_wconf 80' lang='lat' dir='ltr'><strong>Cerda</strong></span> <span class='ocrx_word' id='word_1_418' title='bbox 688 3965 781 4020; x_wconf 84' lang='lat' dir='ltr'><strong>laudat</strong></span> <span class='ocrx_word' id='word_1_419' title='bbox 793 3967 870 4022; x_wconf 85' lang='lat' dir='ltr'><strong>Ovid.</strong></span> <span class='ocrx_word' id='word_1_420' title='bbox 890 3968 954 4020; x_wconf 82' lang='lat' dir='ltr'><strong>Met.</strong></span> <span class='ocrx_word' id='word_1_421' title='bbox 973 3967 1011 4034; x_wconf 82' lang='lat' dir='ltr'><strong>X,</strong></span> <span class='ocrx_word' id='word_1_422' title='bbox 1032 3983 1082 4038; x_wconf 77' lang='lat'><strong>¹90</strong></span> 
     </span>
    </p>
   </div>
   <div class='ocr_carea' id='block_1_6' title="bbox 0 0 1350 4598">
    <p class='ocr_par' dir='ltr' id='par_1_8' title="bbox 0 0 1350 4598">
     <span class='ocr_line' id='line_1_44' title="bbox 0 0 1350 4598; baseline 0 0"><span class='ocrx_word' id='word_1_423' title='bbox 0 0 1350 4598; x_wconf 95' lang='lat' dir='ltr'><strong> </strong></span> 
     </span>
    </p>
   </div>
  </div>
 </body>
</html>
