<?xml version="1.0" encoding="UTF-8"?>
<!DOCTYPE html PUBLIC "-//W3C//DTD XHTML 1.0 Transitional//EN"
    "http://www.w3.org/TR/xhtml1/DTD/xhtml1-transitional.dtd">
<html xmlns="http://www.w3.org/1999/xhtml" xml:lang="en" lang="en">
 <head>
  <title>
</title>
<meta http-equiv="Content-Type" content="text/html;charset=utf-8" />
  <meta name='ocr-system' content='tesseract 3.04.00' />
  <meta name='ocr-capabilities' content='ocr_page ocr_carea ocr_par ocr_line ocrx_word'/>
</head>
<body>
  <div class='ocr_page' id='page_1' title='image "./pvirgiliusmaroq03barbgoog_0021.png"; bbox 0 0 2690 4598; ppageno 0'>
   <div class='ocr_carea' id='block_1_1' title="bbox 315 297 816 365">
    <p class='ocr_par' dir='ltr' id='par_1_1' title="bbox 315 297 816 365">
     <span class='ocr_line' id='line_1_1' title="bbox 315 297 816 365; baseline -0.002 -1"><span class='ocrx_word' id='word_1_1' title='bbox 315 297 555 364; x_wconf 84' lang='lat' dir='ltr'>-AENEIDOS</span> <span class='ocrx_word' id='word_1_2' title='bbox 578 298 732 364; x_wconf 84' lang='lat' dir='ltr'>LIBER</span> <span class='ocrx_word' id='word_1_3' title='bbox 755 299 816 365; x_wconf 90' lang='lat' dir='ltr'>IX.</span> 
     </span>
    </p>
   </div>
   <div class='ocr_carea' id='block_1_2' title="bbox 15 420 1101 2198">
    <p class='ocr_par' dir='ltr' id='par_1_2' title="bbox 60 420 923 512">
     <span class='ocr_line' id='line_1_2' title="bbox 60 420 923 512; baseline 0.003 -29"><span class='ocrx_word' id='word_1_4' title='bbox 60 420 196 486; x_wconf 82' lang='lat' dir='ltr'>Excutiat</span> <span class='ocrx_word' id='word_1_5' title='bbox 207 423 358 486; x_wconf 84' lang='lat' dir='ltr'>Teucros</span> <span class='ocrx_word' id='word_1_6' title='bbox 369 423 469 501; x_wconf 82' lang='lat' dir='ltr'>vallo,</span> <span class='ocrx_word' id='word_1_7' title='bbox 482 439 582 511; x_wconf 90' lang='lat' dir='ltr'>atque</span> <span class='ocrx_word' id='word_1_8' title='bbox 593 422 744 488; x_wconf 83' lang='lat' dir='ltr'>effundat</span> <span class='ocrx_word' id='word_1_9' title='bbox 755 425 790 486; x_wconf 86' lang='lat' dir='ltr'>in</span> <span class='ocrx_word' id='word_1_10' title='bbox 801 445 923 512; x_wconf 77' lang='lat' dir='ltr'>aequor.</span> 
     </span>
    </p>

    <p class='ocr_par' dir='ltr' id='par_1_3' title="bbox 60 527 1088 828">
     <span class='ocr_line' id='line_1_3' title="bbox 60 527 902 618; baseline 0.004 -29"><span class='ocrx_word' id='word_1_11' title='bbox 60 528 207 606; x_wconf 85' lang='lat' dir='ltr'>Classem,</span> <span class='ocrx_word' id='word_1_12' title='bbox 221 551 296 616; x_wconf 87' lang='lat' dir='ltr'>quae</span> <span class='ocrx_word' id='word_1_13' title='bbox 308 528 402 592; x_wconf 90' lang='lat' dir='ltr'>lateri</span> <span class='ocrx_word' id='word_1_14' title='bbox 414 544 595 592; x_wconf 88' lang='lat' dir='ltr'>castrorum</span> <span class='ocrx_word' id='word_1_15' title='bbox 607 527 759 618; x_wconf 88' lang='lat' dir='ltr'>adjuncta</span> <span class='ocrx_word' id='word_1_16' title='bbox 770 528 902 608; x_wconf 90' lang='lat' dir='ltr'>latebat,</span> 
     </span>
     <span class='ocr_line' id='line_1_4' title="bbox 60 633 1088 720; baseline 0.006 -27"><span class='ocrx_word' id='word_1_17' title='bbox 60 633 233 719; x_wconf 79' lang='lat' dir='ltr'>Aggeribus</span> <span class='ocrx_word' id='word_1_18' title='bbox 245 649 381 720; x_wconf 86' lang='lat' dir='ltr'>saeptam</span> <span class='ocrx_word' id='word_1_19' title='bbox 392 634 515 697; x_wconf 88' lang='lat' dir='ltr'>circum</span> <span class='ocrx_word' id='word_1_20' title='bbox 531 650 563 696; x_wconf 95' lang='lat' dir='ltr'>et</span> <span class='ocrx_word' id='word_1_21' title='bbox 574 633 760 698; x_wconf 87' lang='lat' dir='ltr'>fluvialibus</span> <span class='ocrx_word' id='word_1_22' title='bbox 773 633 884 713; x_wconf 89' lang='lat' dir='ltr'>undis,</span> <span class='ocrx_word' id='word_1_23' title='bbox 1059 658 1088 705; x_wconf 88' lang='lat'>7⁰</span> 
     </span>
     <span class='ocr_line' id='line_1_5' title="bbox 61 739 953 828; baseline 0.003 -26"><span class='ocrx_word' id='word_1_24' title='bbox 61 739 195 818; x_wconf 82' lang='lat' dir='ltr'>Invadit3</span> <span class='ocrx_word' id='word_1_25' title='bbox 208 741 384 828; x_wconf 86' lang='lat' dir='ltr'>sociosque</span> <span class='ocrx_word' id='word_1_26' title='bbox 396 739 546 805; x_wconf 88' lang='lat' dir='ltr'>incendia</span> <span class='ocrx_word' id='word_1_27' title='bbox 559 742 665 828; x_wconf 91' lang='lat' dir='ltr'>poscit</span> <span class='ocrx_word' id='word_1_28' title='bbox 677 742 818 822; x_wconf 77' lang='lat' dir='ltr'>ovantis3</span> <span class='ocrx_word' id='word_1_29' title='bbox 951 747 953 752; x_wconf 78' lang='grc'>’</span> 
     </span>
    </p>

    <p class='ocr_par' dir='ltr' id='par_1_4' title="bbox 62 829 845 934">
     <span class='ocr_line' id='line_1_6' title="bbox 62 829 845 934; baseline 0 -26"><span class='ocrx_word' id='word_1_30' title='bbox 62 847 160 932; x_wconf 82' lang='lat' dir='ltr'>Atque</span> <span class='ocrx_word' id='word_1_31' title='bbox 171 867 307 910; x_wconf 87' lang='lat' dir='ltr'>manum</span> <span class='ocrx_word' id='word_1_32' title='bbox 319 847 400 932; x_wconf 90' lang='lat' dir='ltr'>pinu</span> <span class='ocrx_word' id='word_1_33' title='bbox 412 846 561 933; x_wconf 79' lang='lat' dir='ltr'>flagranti</span> <span class='ocrx_word' id='word_1_34' title='bbox 574 844 721 910; x_wconf 87' lang='lat' dir='ltr'>fervidus</span> <span class='ocrx_word' id='word_1_35' title='bbox 733 829 845 934; x_wconf 85' lang='lat' dir='ltr'>inplet.</span> 
     </span>
    </p>

    <p class='ocr_par' dir='ltr' id='par_1_5' title="bbox 61 951 904 1040">
     <span class='ocr_line' id='line_1_7' title="bbox 61 951 904 1040; baseline 0.001 -27"><span class='ocrx_word' id='word_1_36' title='bbox 61 951 141 1013; x_wconf 88' lang='lat' dir='ltr'>Tum</span> <span class='ocrx_word' id='word_1_37' title='bbox 153 974 231 1015; x_wconf 86' lang='lat' dir='ltr'>vero</span> <span class='ocrx_word' id='word_1_38' title='bbox 243 951 455 1031; x_wconf 84' lang='lat' dir='ltr'>incumbunt;</span> <span class='ocrx_word' id='word_1_39' title='bbox 467 969 586 1039; x_wconf 88' lang='lat' dir='ltr'>urguet</span> <span class='ocrx_word' id='word_1_40' title='bbox 597 954 769 1040; x_wconf 88' lang='lat' dir='ltr'>praesentia</span> <span class='ocrx_word' id='word_1_41' title='bbox 782 951 904 1029; x_wconf 81' lang='lat' dir='ltr'>Turni;</span> 
     </span>
    </p>

    <p class='ocr_par' dir='ltr' id='par_1_6' title="bbox 63 1056 833 1144">
     <span class='ocr_line' id='line_1_8' title="bbox 63 1056 833 1144; baseline 0.003 -26"><span class='ocrx_word' id='word_1_42' title='bbox 63 1057 161 1144; x_wconf 78' lang='lat' dir='ltr'>Atque</span> <span class='ocrx_word' id='word_1_43' title='bbox 173 1058 280 1121; x_wconf 89' lang='lat' dir='ltr'>omnis</span> <span class='ocrx_word' id='word_1_44' title='bbox 293 1056 426 1132; x_wconf 85' lang='lat' dir='ltr'>facibus</span> <span class='ocrx_word' id='word_1_45' title='bbox 431 1056 537 1144; x_wconf 87' lang='lat' dir='ltr'>pubes</span> <span class='ocrx_word' id='word_1_46' title='bbox 549 1056 735 1144; x_wconf 87' lang='lat' dir='ltr'>adcingitur</span> <span class='ocrx_word' id='word_1_47' title='bbox 746 1059 833 1122; x_wconf 87' lang='lat' dir='ltr'>atris.</span> 
     </span>
    </p>

    <p class='ocr_par' dir='ltr' id='par_1_7' title="bbox 15 1161 921 1346">
     <span class='ocr_line' id='line_1_9' title="bbox 15 1161 836 1249; baseline 0.004 -27"><span class='ocrx_word' id='word_1_48' title='bbox 15 1229 16 1236; x_wconf 19' lang='lat' dir='ltr'>g</span> <span class='ocrx_word' id='word_1_49' title='bbox 63 1161 228 1247; x_wconf 82' lang='lat' dir='ltr'>Diripuere</span> <span class='ocrx_word' id='word_1_50' title='bbox 240 1163 350 1242; x_wconf 77' lang='lat' dir='ltr'>locos3</span> <span class='ocrx_word' id='word_1_51' title='bbox 362 1163 494 1249; x_wconf 88' lang='lat' dir='ltr'>piceum</span> <span class='ocrx_word' id='word_1_52' title='bbox 506 1163 570 1226; x_wconf 85' lang='lat' dir='ltr'>fert</span> <span class='ocrx_word' id='word_1_53' title='bbox 582 1163 708 1227; x_wconf 86' lang='lat' dir='ltr'>fumida</span> <span class='ocrx_word' id='word_1_54' title='bbox 723 1164 836 1226; x_wconf 90' lang='lat' dir='ltr'>lumen</span> 
     </span>
     <span class='ocr_line' id='line_1_10' title="bbox 62 1267 921 1346; baseline 0.001 -16"><span class='ocrx_word' id='word_1_55' title='bbox 62 1267 169 1346; x_wconf 86' lang='lat' dir='ltr'>Taeda,</span> <span class='ocrx_word' id='word_1_56' title='bbox 183 1285 216 1332; x_wconf 92' lang='lat' dir='ltr'>et</span> <span class='ocrx_word' id='word_1_57' title='bbox 228 1271 426 1334; x_wconf 86' lang='lat' dir='ltr'>conmixtam</span> <span class='ocrx_word' id='word_1_58' title='bbox 438 1270 603 1334; x_wconf 82' lang='lat' dir='ltr'>Volcanus</span> <span class='ocrx_word' id='word_1_59' title='bbox 617 1269 659 1334; x_wconf 91' lang='lat' dir='ltr'>ad</span> <span class='ocrx_word' id='word_1_60' title='bbox 671 1287 755 1334; x_wconf 90' lang='lat' dir='ltr'>astra</span> <span class='ocrx_word' id='word_1_61' title='bbox 769 1269 921 1334; x_wconf 84' lang='lat' dir='ltr'>favillam.</span> 
     </span>
    </p>

    <p class='ocr_par' dir='ltr' id='par_1_8' title="bbox 15 1371 944 1454">
     <span class='ocr_line' id='line_1_11' title="bbox 15 1371 944 1454; baseline 0 -18"><span class='ocrx_word' id='word_1_62' title='bbox 15 1393 16 1444; x_wconf 60' lang='grc' dir='ltr'>ζ</span> <span class='ocrx_word' id='word_1_63' title='bbox 102 1375 179 1454; x_wconf 86' lang='lat' dir='ltr'>Quis</span> <span class='ocrx_word' id='word_1_64' title='bbox 191 1373 288 1452; x_wconf 90' lang='lat' dir='ltr'>deus,</span> <span class='ocrx_word' id='word_1_65' title='bbox 304 1397 324 1437; x_wconf 93' lang='lat' dir='ltr'>o</span> <span class='ocrx_word' id='word_1_66' title='bbox 337 1377 456 1453; x_wconf 87' lang='lat' dir='ltr'>Musae,</span> <span class='ocrx_word' id='word_1_67' title='bbox 469 1391 536 1438; x_wconf 90' lang='lat' dir='ltr'>tam</span> <span class='ocrx_word' id='word_1_68' title='bbox 548 1398 632 1440; x_wconf 85' lang='lat' dir='ltr'>saeva</span> <span class='ocrx_word' id='word_1_69' title='bbox 645 1371 794 1439; x_wconf 88' lang='lat' dir='ltr'>incendia</span> <span class='ocrx_word' id='word_1_70' title='bbox 808 1373 944 1438; x_wconf 88' lang='lat' dir='ltr'>Teucris</span> 
     </span>
    </p>

    <p class='ocr_par' dir='ltr' id='par_1_9' title="bbox 15 1475 831 1569">
     <span class='ocr_line' id='line_1_12' title="bbox 15 1475 831 1569; baseline 0.002 -28"><span class='ocrx_word' id='word_1_71' title='bbox 15 1475 17 1556; x_wconf 79' lang='lat' dir='ltr'>l</span> <span class='ocrx_word' id='word_1_72' title='bbox 65 1479 198 1542; x_wconf 78' lang='lat' dir='ltr'>Avertit?</span> <span class='ocrx_word' id='word_1_73' title='bbox 209 1496 318 1543; x_wconf 89' lang='lat' dir='ltr'>tantos</span> <span class='ocrx_word' id='word_1_74' title='bbox 330 1478 454 1544; x_wconf 90' lang='lat' dir='ltr'>ratibus</span> <span class='ocrx_word' id='word_1_75' title='bbox 468 1481 541 1568; x_wconf 90' lang='lat' dir='ltr'>quis</span> <span class='ocrx_word' id='word_1_76' title='bbox 554 1479 681 1569; x_wconf 87' lang='lat' dir='ltr'>depulit</span> <span class='ocrx_word' id='word_1_77' title='bbox 693 1481 805 1568; x_wconf 75' lang='lat' dir='ltr'>ignes?</span> <span class='ocrx_word' id='word_1_78' title='bbox 824 1503 831 1512; x_wconf 86' lang='lat'><strong>·</strong></span> 
     </span>
    </p>

    <p class='ocr_par' dir='ltr' id='par_1_10' title="bbox 15 1625 1101 2198">
     <span class='ocr_line' id='line_1_13' title="bbox 15 1625 1098 1705; baseline -0.004 -23"><span class='ocrx_word' id='word_1_79' title='bbox 15 1695 16 1704; x_wconf 48' lang='lat'>,</span> <span class='ocrx_word' id='word_1_80' title='bbox 64 1636 132 1700; x_wconf 86' lang='lat' dir='ltr'>idque</span> <span class='ocrx_word' id='word_1_81' title='bbox 138 1653 198 1684; x_wconf 86' lang='lat' dir='ltr'>nunc</span> <span class='ocrx_word' id='word_1_82' title='bbox 208 1641 316 1700; x_wconf 80' lang='lat' dir='ltr'>reposui3</span> <span class='ocrx_word' id='word_1_83' title='bbox 327 1625 453 1702; x_wconf 81' lang='lat' dir='ltr'>utrumque</span> <span class='ocrx_word' id='word_1_84' title='bbox 463 1642 526 1686; x_wconf 81' lang='lat' dir='ltr'>Serv.</span> <span class='ocrx_word' id='word_1_85' title='bbox 539 1642 650 1700; x_wconf 83' lang='lat' dir='ltr'>agnoscit.</span> <span class='ocrx_word' id='word_1_86' title='bbox 662 1640 739 1687; x_wconf 81' lang='lat' dir='ltr'>clauso</span> <span class='ocrx_word' id='word_1_87' title='bbox 749 1640 838 1705; x_wconf 85' lang='lat' dir='ltr'>aliquot</span> <span class='ocrx_word' id='word_1_88' title='bbox 847 1657 884 1702; x_wconf 84' lang='lat' dir='ltr'>ap.</span> <span class='ocrx_word' id='word_1_89' title='bbox 894 1633 1037 1684; x_wconf 68' lang='lat' dir='ltr'>ries-68.</span> <span class='ocrx_word' id='word_1_90' title='bbox 1047 1634 1098 1678; x_wconf 79' lang='lat' dir='ltr'>Ex·</span> 
     </span>
     <span class='ocr_line' id='line_1_14' title="bbox 63 1708 1099 1777; baseline 0 -24"><span class='ocrx_word' id='word_1_91' title='bbox 63 1709 182 1755; x_wconf 74' lang='lat' dir='ltr'>causano</span> <span class='ocrx_word' id='word_1_92' title='bbox 193 1712 272 1755; x_wconf 77' lang='lat' dir='ltr'>litum.</span> <span class='ocrx_word' id='word_1_93' title='bbox 281 1719 349 1774; x_wconf 82' lang='lat' dir='ltr'>atque</span> <span class='ocrx_word' id='word_1_94' title='bbox 361 1711 424 1757; x_wconf 87' lang='lat' dir='ltr'>abest</span> <span class='ocrx_word' id='word_1_95' title='bbox 436 1711 533 1759; x_wconf 81' lang='lat' dir='ltr'>Dorrill.</span> <span class='ocrx_word' id='word_1_96' title='bbox 541 1711 600 1758; x_wconf 81' lang='lat' dir='ltr'>vallo</span> <span class='ocrx_word' id='word_1_97' title='bbox 614 1715 754 1777; x_wconf 82' lang='lat' dir='ltr'><strong><em>Teucrosque</em></strong></span> <span class='ocrx_word' id='word_1_98' title='bbox 765 1729 785 1759; x_wconf 88' lang='lat' dir='ltr'>e.</span> <span class='ocrx_word' id='word_1_99' title='bbox 795 1714 855 1758; x_wconf 88' lang='lat' dir='ltr'>Ven.</span> <span class='ocrx_word' id='word_1_100' title='bbox 866 1715 889 1756; x_wconf 83' lang='lat' dir='ltr'>iu</span> <span class='ocrx_word' id='word_1_101' title='bbox 898 1724 987 1774; x_wconf 80' lang='lat' dir='ltr'>tequam</span> <span class='ocrx_word' id='word_1_102' title='bbox 995 1708 1061 1751; x_wconf 84' lang='lat' dir='ltr'>Rom·</span> <span class='ocrx_word' id='word_1_103' title='bbox 1075 1715 1099 1750; x_wconf 83' lang='lat' dir='ltr'>et</span> 
     </span>
     <span class='ocr_line' id='line_1_15' title="bbox 65 1776 1098 1844; baseline 0 -21"><span class='ocrx_word' id='word_1_104' title='bbox 65 1776 144 1823; x_wconf 78' lang='lat' dir='ltr'>hledic.</span> <span class='ocrx_word' id='word_1_105' title='bbox 156 1796 207 1824; x_wconf 87' lang='lat' dir='ltr'>cum</span> <span class='ocrx_word' id='word_1_106' title='bbox 219 1780 300 1841; x_wconf 82' lang='lat' dir='ltr'>fragm.</span> <span class='ocrx_word' id='word_1_107' title='bbox 313 1781 388 1826; x_wconf 89' lang='lat' dir='ltr'>Vatic.</span> <span class='ocrx_word' id='word_1_108' title='bbox 404 1797 417 1826; x_wconf 82' lang='lat' dir='ltr'>a</span> <span class='ocrx_word' id='word_1_109' title='bbox 435 1796 466 1825; x_wconf 83' lang='lat' dir='ltr'>m.</span> <span class='ocrx_word' id='word_1_110' title='bbox 485 1798 521 1844; x_wconf 92' lang='lat' dir='ltr'>pr.</span> <span class='ocrx_word' id='word_1_111' title='bbox 527 1816 535 1837; x_wconf 91' lang='lat'>,</span> <span class='ocrx_word' id='word_1_112' title='bbox 549 1785 599 1844; x_wconf 90' lang='lat' dir='ltr'>pari</span> <span class='ocrx_word' id='word_1_113' title='bbox 613 1783 793 1844; x_wconf 83' lang='lat' dir='ltr'>significatione,</span> <span class='ocrx_word' id='word_1_114' title='bbox 813 1783 844 1826; x_wconf 92' lang='lat' dir='ltr'>ait</span> <span class='ocrx_word' id='word_1_115' title='bbox 860 1782 938 1826; x_wconf 85' lang='lat' dir='ltr'>Heius.</span> <span class='ocrx_word' id='word_1_116' title='bbox 953 1779 1036 1829; x_wconf 81' lang='lat' dir='ltr'>llecte,</span> <span class='ocrx_word' id='word_1_117' title='bbox 1053 1789 1098 1818; x_wconf 76' lang='lat' dir='ltr'>nec</span> 
     </span>
     <span class='ocr_line' id='line_1_16' title="bbox 65 1847 1099 1915; baseline -0.001 -23"><span class='ocrx_word' id='word_1_118' title='bbox 65 1857 137 1892; x_wconf 79' lang='lat' dir='ltr'>umen</span> <span class='ocrx_word' id='word_1_119' title='bbox 153 1849 233 1895; x_wconf 86' lang='lat' dir='ltr'>eadem</span> <span class='ocrx_word' id='word_1_120' title='bbox 249 1865 328 1895; x_wconf 81' lang='lat' dir='ltr'>rerum</span> <span class='ocrx_word' id='word_1_121' title='bbox 338 1853 442 1896; x_wconf 90' lang='lat' dir='ltr'>notione.</span> <span class='ocrx_word' id='word_1_122' title='bbox 461 1850 530 1896; x_wconf 81' lang='lat' dir='ltr'>aliud</span> <span class='ocrx_word' id='word_1_123' title='bbox 544 1863 590 1906; x_wconf 83' lang='lat' dir='ltr'>est,</span> <span class='ocrx_word' id='word_1_124' title='bbox 609 1855 633 1895; x_wconf 83' lang='lat' dir='ltr'>iu</span> <span class='ocrx_word' id='word_1_125' title='bbox 643 1867 733 1915; x_wconf 54' lang='lat' dir='ltr'>Quum</span> <span class='ocrx_word' id='word_1_126' title='bbox 746 1850 819 1897; x_wconf 83' lang='lat' dir='ltr'>locum</span> <span class='ocrx_word' id='word_1_127' title='bbox 830 1849 896 1903; x_wconf 84' lang='lat' dir='ltr'>elici,</span> <span class='ocrx_word' id='word_1_128' title='bbox 914 1859 941 1893; x_wconf 93' lang='lat' dir='ltr'>ut</span> <span class='ocrx_word' id='word_1_129' title='bbox 951 1865 973 1893; x_wconf 87' lang='lat' dir='ltr'>r.</span> <span class='ocrx_word' id='word_1_130' title='bbox 991 1847 1018 1892; x_wconf 80' lang='lat'>55</span> <span class='ocrx_word' id='word_1_131' title='bbox 1035 1857 1099 1905; x_wconf 75' lang='lat' dir='ltr'>oeqsso</span> 
     </span>
     <span class='ocr_line' id='line_1_17' title="bbox 65 1909 1100 1984; baseline -0.005 -22"><span class='ocrx_word' id='word_1_132' title='bbox 65 1931 137 1979; x_wconf 81' lang='lat' dir='ltr'>campo</span> <span class='ocrx_word' id='word_1_133' title='bbox 153 1934 176 1962; x_wconf 90' lang='lat' dir='ltr'>se</span> <span class='ocrx_word' id='word_1_134' title='bbox 193 1919 260 1974; x_wconf 81' lang='lat' dir='ltr'>dure,</span> <span class='ocrx_word' id='word_1_135' title='bbox 279 1919 343 1965; x_wconf 87' lang='lat' dir='ltr'>aliud</span> <span class='ocrx_word' id='word_1_136' title='bbox 361 1922 385 1965; x_wconf 92' lang='lat' dir='ltr'>in</span> <span class='ocrx_word' id='word_1_137' title='bbox 403 1935 490 1984; x_wconf 77' lang='lat' dir='ltr'>sequor,</span> <span class='ocrx_word' id='word_1_138' title='bbox 504 1936 546 1966; x_wconf 86' lang='lat' dir='ltr'>seu</span> <span class='ocrx_word' id='word_1_139' title='bbox 564 1936 665 1982; x_wconf 85' lang='lat' dir='ltr'>campos.</span> <span class='ocrx_word' id='word_1_140' title='bbox 680 1922 729 1967; x_wconf 88' lang='lat' dir='ltr'>lloc</span> <span class='ocrx_word' id='word_1_141' title='bbox 741 1919 855 1981; x_wconf 86' lang='lat' dir='ltr'>vulgatius</span> <span class='ocrx_word' id='word_1_142' title='bbox 873 1919 934 1962; x_wconf 89' lang='lat' dir='ltr'>iuter</span> <span class='ocrx_word' id='word_1_143' title='bbox 951 1925 1052 1976; x_wconf 82' lang='lat' dir='ltr'>poetas:</span> <span class='ocrx_word' id='word_1_144' title='bbox 1069 1909 1100 1954; x_wconf 86' lang='lat' dir='ltr'>il·</span> 
     </span>
     <span class='ocr_line' id='line_1_18' title="bbox 67 1986 1101 2055; baseline 0.001 -21"><span class='ocrx_word' id='word_1_145' title='bbox 67 1986 104 2034; x_wconf 90' lang='lat' dir='ltr'>lud</span> <span class='ocrx_word' id='word_1_146' title='bbox 120 1991 178 2036; x_wconf 89' lang='lat' dir='ltr'>inter</span> <span class='ocrx_word' id='word_1_147' title='bbox 195 1994 321 2052; x_wconf 71' lang='lat' dir='ltr'><strong>scriptores</strong></span> <span class='ocrx_word' id='word_1_148' title='bbox 337 1991 492 2038; x_wconf 74' lang='lat' dir='ltr'>historiarum.</span> <span class='ocrx_word' id='word_1_149' title='bbox 508 2017 540 2028; x_wconf 90' lang='lat'>—</span> <span class='ocrx_word' id='word_1_150' title='bbox 555 2008 593 2054; x_wconf 87' lang='lat'>7⁰·</span> <span class='ocrx_word' id='word_1_151' title='bbox 603 2002 687 2055; x_wconf 74' lang='lat' dir='ltr'>septam</span> <span class='ocrx_word' id='word_1_152' title='bbox 705 2007 777 2046; x_wconf 89' lang='lat' dir='ltr'>unus,</span> <span class='ocrx_word' id='word_1_153' title='bbox 795 1987 942 2052; x_wconf 81' lang='lat' dir='ltr'>septualius,</span> <span class='ocrx_word' id='word_1_154' title='bbox 963 1997 986 2031; x_wconf 88' lang='lat' dir='ltr'>et</span> <span class='ocrx_word' id='word_1_155' title='bbox 1004 1987 1101 2028; x_wconf 59' lang='lat' dir='ltr'>0¹³¹ch</span> 
     </span>
     <span class='ocr_line' id='line_1_19' title="bbox 66 2049 1099 2125; baseline 0.003 -23"><span class='ocrx_word' id='word_1_156' title='bbox 66 2056 119 2103; x_wconf 81' lang='lat' dir='ltr'>alter</span> <span class='ocrx_word' id='word_1_157' title='bbox 130 2061 192 2106; x_wconf 83' lang='lat' dir='ltr'>Voss.</span> <span class='ocrx_word' id='word_1_158' title='bbox 210 2077 248 2122; x_wconf 86' lang='lat' dir='ltr'>ap.</span> <span class='ocrx_word' id='word_1_159' title='bbox 261 2062 386 2106; x_wconf 77' lang='lat' dir='ltr'>Burmann.</span> <span class='ocrx_word' id='word_1_160' title='bbox 399 2059 500 2108; x_wconf 80' lang='lat' dir='ltr'>clausam</span> <span class='ocrx_word' id='word_1_161' title='bbox 515 2063 581 2108; x_wconf 88' lang='lat' dir='ltr'>Rom.</span> <span class='ocrx_word' id='word_1_162' title='bbox 594 2077 674 2124; x_wconf 88' lang='lat'>-71.</span> <span class='ocrx_word' id='word_1_163' title='bbox 687 2076 730 2125; x_wconf 87' lang='lat' dir='ltr'>que</span> <span class='ocrx_word' id='word_1_164' title='bbox 746 2071 797 2123; x_wconf 91' lang='lat' dir='ltr'>post</span> <span class='ocrx_word' id='word_1_165' title='bbox 808 2061 878 2104; x_wconf 71' lang='lat' dir='ltr'>socios</span> <span class='ocrx_word' id='word_1_166' title='bbox 890 2055 994 2101; x_wconf 85' lang='lat' dir='ltr'>deletum</span> <span class='ocrx_word' id='word_1_167' title='bbox 1008 2049 1099 2104; x_wconf 71' lang='lat' dir='ltr'>maun,</span> 
     </span>
     <span class='ocr_line' id='line_1_20' title="bbox 66 2121 1099 2198; baseline -0.004 -26"><span class='ocrx_word' id='word_1_168' title='bbox 66 2143 115 2173; x_wconf 81' lang='lat' dir='ltr'>narn</span> <span class='ocrx_word' id='word_1_169' title='bbox 125 2131 229 2192; x_wconf 74' lang='lat' dir='ltr'>infringit</span> <span class='ocrx_word' id='word_1_170' title='bbox 242 2132 367 2179; x_wconf 84' lang='lat' dir='ltr'>verborum</span> <span class='ocrx_word' id='word_1_171' title='bbox 384 2137 438 2180; x_wconf 83' lang='lat' dir='ltr'>rim.</span> <span class='ocrx_word' id='word_1_172' title='bbox 451 2161 481 2170; x_wconf 97' lang='lat'>-</span> <span class='ocrx_word' id='word_1_173' title='bbox 494 2150 530 2197; x_wconf 87' lang='lat'>7²·</span> <span class='ocrx_word' id='word_1_174' title='bbox 543 2134 660 2198; x_wconf 67' lang='lat' dir='ltr'>fragranti</span> <span class='ocrx_word' id='word_1_175' title='bbox 670 2132 755 2178; x_wconf 88' lang='lat' dir='ltr'>Medic.</span> <span class='ocrx_word' id='word_1_176' title='bbox 769 2141 836 2176; x_wconf 84' lang='lat' dir='ltr'>mauu</span> <span class='ocrx_word' id='word_1_177' title='bbox 852 2126 949 2174; x_wconf 82' lang='lat' dir='ltr'>Dorvill.</span> <span class='ocrx_word' id='word_1_178' title='bbox 962 2123 1029 2188; x_wconf 77' lang='lat' dir='ltr'>infert</span> <span class='ocrx_word' id='word_1_179' title='bbox 1040 2121 1099 2167; x_wconf 79' lang='lat' dir='ltr'>alios</span> 
     </span>
    </p>
   </div>
   <div class='ocr_carea' id='block_1_3' title="bbox 67 2191 1103 2358">
    <p class='ocr_par' dir='ltr' id='par_1_11' title="bbox 67 2191 1103 2358">
     <span class='ocr_line' id='line_1_21' title="bbox 67 2191 1103 2268; baseline -0.008 -23"><span class='ocrx_word' id='word_1_180' title='bbox 67 2197 137 2260; x_wconf 87' lang='lat' dir='ltr'>legere</span> <span class='ocrx_word' id='word_1_181' title='bbox 146 2203 236 2248; x_wconf 77' lang='lat' dir='ltr'>Fabric.</span> <span class='ocrx_word' id='word_1_182' title='bbox 246 2217 334 2249; x_wconf 89' lang='lat' dir='ltr'>monet.</span> <span class='ocrx_word' id='word_1_183' title='bbox 347 2205 409 2249; x_wconf 84' lang='lat' dir='ltr'>cont.</span> <span class='ocrx_word' id='word_1_184' title='bbox 420 2207 498 2251; x_wconf 85' lang='lat' dir='ltr'>llurm.</span> <span class='ocrx_word' id='word_1_185' title='bbox 512 2231 543 2241; x_wconf 90' lang='lat'>-</span> <span class='ocrx_word' id='word_1_186' title='bbox 557 2207 593 2268; x_wconf 88' lang='lat'>75.</span> <span class='ocrx_word' id='word_1_187' title='bbox 605 2204 635 2250; x_wconf 89' lang='lat' dir='ltr'>D.</span> <span class='ocrx_word' id='word_1_188' title='bbox 648 2206 717 2250; x_wconf 81' lang='lat' dir='ltr'>socios</span> <span class='ocrx_word' id='word_1_189' title='bbox 728 2202 797 2248; x_wconf 86' lang='lat' dir='ltr'>Goth.</span> <span class='ocrx_word' id='word_1_190' title='bbox 809 2214 874 2258; x_wconf 84' lang='lat' dir='ltr'>tert,</span> <span class='ocrx_word' id='word_1_191' title='bbox 889 2199 990 2245; x_wconf 77' lang='lat' dir='ltr'>indocte.</span> <span class='ocrx_word' id='word_1_192' title='bbox 1000 2213 1023 2258; x_wconf 87' lang='lat' dir='ltr'>p.</span> <span class='ocrx_word' id='word_1_193' title='bbox 1035 2191 1103 2256; x_wconf 82' lang='lat' dir='ltr'>infert</span> 
     </span>
     <span class='ocr_line' id='line_1_22' title="bbox 67 2265 1101 2358; baseline -0.014 -37"><span class='ocrx_word' id='word_1_194' title='bbox 67 2271 256 2334; x_wconf 68' lang='lat' dir='ltr'>Spmt-ffirmum</span> <span class='ocrx_word' id='word_1_195' title='bbox 263 2273 322 2320; x_wconf 86' lang='lat' dir='ltr'>alter</span> <span class='ocrx_word' id='word_1_196' title='bbox 329 2275 411 2358; x_wconf 64' lang='lat' dir='ltr'>llqmb.</span> <span class='ocrx_word' id='word_1_197' title='bbox 421 2292 471 2321; x_wconf 86' lang='lat' dir='ltr'>am.</span> <span class='ocrx_word' id='word_1_198' title='bbox 480 2293 594 2338; x_wconf 86' lang='lat' dir='ltr'>pr.-77.</span> <span class='ocrx_word' id='word_1_199' title='bbox 604 2275 649 2351; x_wconf 77' lang='lat' dir='ltr'>Qui</span> <span class='ocrx_word' id='word_1_200' title='bbox 657 2275 712 2320; x_wconf 82' lang='lat' dir='ltr'>deus</span> <span class='ocrx_word' id='word_1_201' title='bbox 719 2274 779 2320; x_wconf 90' lang='lat' dir='ltr'>Gud.</span> <span class='ocrx_word' id='word_1_202' title='bbox 788 2291 800 2320; x_wconf 93' lang='lat' dir='ltr'>a</span> <span class='ocrx_word' id='word_1_203' title='bbox 810 2289 840 2318; x_wconf 87' lang='lat' dir='ltr'>m.</span> <span class='ocrx_word' id='word_1_204' title='bbox 848 2289 883 2335; x_wconf 83' lang='lat' dir='ltr'>pr·</span> <span class='ocrx_word' id='word_1_205' title='bbox 890 2269 962 2332; x_wconf 82' lang='grc'>-78,</span> <span class='ocrx_word' id='word_1_206' title='bbox 972 2269 1038 2314; x_wconf 65' lang='lat' dir='ltr'>tanos</span> <span class='ocrx_word' id='word_1_207' title='bbox 1044 2265 1101 2324; x_wconf 84' lang='lat' dir='ltr'>Reg.</span> 
     </span>
    </p>
   </div>
   <div class='ocr_carea' id='block_1_4' title="bbox 66 2399 1104 2713">
    <p class='ocr_par' dir='ltr' id='par_1_12' title="bbox 66 2399 1104 2713">
     <span class='ocr_line' id='line_1_23' title="bbox 66 2399 1104 2480; baseline 0.016 -29"><span class='ocrx_word' id='word_1_208' title='bbox 66 2403 174 2454; x_wconf 77' lang='lat' dir='ltr'>excutiat</span> <span class='ocrx_word' id='word_1_209' title='bbox 201 2407 326 2472; x_wconf 81' lang='lat' dir='ltr'>Teucros,</span> <span class='ocrx_word' id='word_1_210' title='bbox 356 2408 510 2460; x_wconf 81' lang='lat' dir='ltr'>facultatem</span> <span class='ocrx_word' id='word_1_211' title='bbox 532 2421 559 2460; x_wconf 89' lang='lat' dir='ltr'>et</span> <span class='ocrx_word' id='word_1_212' title='bbox 607 2409 655 2473; x_wconf 78' lang='lat' dir='ltr'>tis,</span> <span class='ocrx_word' id='word_1_213' title='bbox 675 2422 801 2480; x_wconf 87' lang='lat' dir='ltr'>tauquam</span> <span class='ocrx_word' id='word_1_214' title='bbox 820 2399 1104 2468; x_wconf 62' lang='lat' dir='ltr'>absurdumsetePica</span> 
     </span>
     <span class='ocr_line' id='line_1_24' title="bbox 67 2478 1104 2559; baseline 0.008 -30"><span class='ocrx_word' id='word_1_215' title='bbox 67 2480 168 2532; x_wconf 90' lang='lat' dir='ltr'>modum</span> <span class='ocrx_word' id='word_1_216' title='bbox 186 2484 341 2555; x_wconf 78' lang='lat' dir='ltr'>suppeditet</span> <span class='ocrx_word' id='word_1_217' title='bbox 359 2486 482 2537; x_wconf 83' lang='lat' dir='ltr'>eliciendi</span> <span class='ocrx_word' id='word_1_218' title='bbox 503 2504 556 2538; x_wconf 90' lang='lat' dir='ltr'>eos.</span> <span class='ocrx_word' id='word_1_219' title='bbox 607 2490 736 2559; x_wconf 86' lang='lat' dir='ltr'>gravitate</span> <span class='ocrx_word' id='word_1_220' title='bbox 755 2487 891 2558; x_wconf 86' lang='lat' dir='ltr'>indignam</span> <span class='ocrx_word' id='word_1_221' title='bbox 909 2478 1104 2554; x_wconf 64' lang='lat' dir='ltr'>reprehendere</span> 
     </span>
     <span class='ocr_line' id='line_1_25' title="bbox 68 2559 1104 2639; baseline -0.005 -28"><span class='ocrx_word' id='word_1_222' title='bbox 68 2588 99 2596; x_wconf 96' lang='lat'><strong>—</strong></span> <span class='ocrx_word' id='word_1_223' title='bbox 107 2560 147 2612; x_wconf 88' lang='lat'>68.</span> <span class='ocrx_word' id='word_1_224' title='bbox 158 2578 249 2632; x_wconf 85' lang='lat' dir='ltr'>oequor</span> <span class='ocrx_word' id='word_1_225' title='bbox 259 2581 414 2633; x_wconf 87' lang='lat' dir='ltr'>camporum</span> <span class='ocrx_word' id='word_1_226' title='bbox 424 2563 497 2616; x_wconf 88' lang='lat' dir='ltr'>haud</span> <span class='ocrx_word' id='word_1_227' title='bbox 509 2565 561 2616; x_wconf 91' lang='lat' dir='ltr'>du·</span> <span class='ocrx_word' id='word_1_228' title='bbox 607 2569 635 2618; x_wconf 89' lang='lat' dir='ltr'>in</span> <span class='ocrx_word' id='word_1_229' title='bbox 646 2580 754 2639; x_wconf 88' lang='lat' dir='ltr'>promtu</span> <span class='ocrx_word' id='word_1_230' title='bbox 767 2580 824 2619; x_wconf 84' lang='lat' dir='ltr'>est:</span> <span class='ocrx_word' id='word_1_231' title='bbox 841 2581 866 2618; x_wconf 90' lang='lat' dir='ltr'>et</span> <span class='ocrx_word' id='word_1_232' title='bbox 876 2559 1104 2635; x_wconf 87' lang='lat' dir='ltr'>reprehenderunt</span> 
     </span>
     <span class='ocr_line' id='line_1_26' title="bbox 68 2638 1104 2713; baseline 0 -24"><span class='ocrx_word' id='word_1_233' title='bbox 68 2638 116 2691; x_wconf 89' lang='lat' dir='ltr'>bie.</span> <span class='ocrx_word' id='word_1_234' title='bbox 609 2667 666 2700; x_wconf 87' lang='lat' dir='ltr'>eam</span> <span class='ocrx_word' id='word_1_235' title='bbox 676 2649 765 2713; x_wconf 86' lang='lat' dir='ltr'>multi,</span> <span class='ocrx_word' id='word_1_236' title='bbox 779 2643 1038 2701; x_wconf 85' lang='lat' dir='ltr'>etiameveteribus,</span> <span class='ocrx_word' id='word_1_237' title='bbox 1050 2649 1104 2689; x_wconf 83' lang='lat' dir='ltr'>ute</span> 
     </span>
    </p>
   </div>
   <div class='ocr_carea' id='block_1_5' title="bbox 65 2719 565 4064">
    <p class='ocr_par' dir='ltr' id='par_1_13' title="bbox 65 2719 565 3885">
     <span class='ocr_line' id='line_1_27' title="bbox 100 2719 561 2793; baseline 0.015 -24"><span class='ocrx_word' id='word_1_238' title='bbox 100 2736 139 2787; x_wconf 87' lang='lat'>70.</span> <span class='ocrx_word' id='word_1_239' title='bbox 153 2719 317 2791; x_wconf 88' lang='lat' dir='ltr'>Comparant</span> <span class='ocrx_word' id='word_1_240' title='bbox 329 2723 477 2793; x_wconf 83' lang='lat' dir='ltr'>exemplum</span> <span class='ocrx_word' id='word_1_241' title='bbox 491 2726 561 2776; x_wconf 85' lang='lat' dir='ltr'>Hec-</span> 
     </span>
     <span class='ocr_line' id='line_1_28' title="bbox 71 2799 561 2873; baseline 0.016 -26"><span class='ocrx_word' id='word_1_242' title='bbox 71 2800 128 2848; x_wconf 87' lang='lat' dir='ltr'>toris</span> <span class='ocrx_word' id='word_1_243' title='bbox 138 2811 164 2850; x_wconf 88' lang='lat' dir='ltr'>et</span> <span class='ocrx_word' id='word_1_244' title='bbox 173 2799 256 2850; x_wconf 86' lang='lat' dir='ltr'>verba</span> <span class='ocrx_word' id='word_1_245' title='bbox 268 2799 343 2852; x_wconf 83' lang='lat' dir='ltr'>iliad.</span> <span class='ocrx_word' id='word_1_246' title='bbox 356 2822 379 2862; x_wconf 79' lang='lat' dir='ltr'>o,</span> <span class='ocrx_word' id='word_1_247' title='bbox 393 2803 444 2871; x_wconf 83' lang='lat'>716</span> <span class='ocrx_word' id='word_1_248' title='bbox 453 2820 512 2873; x_wconf 89' lang='lat' dir='ltr'>sqq.</span> <span class='ocrx_word' id='word_1_249' title='bbox 525 2831 561 2862; x_wconf 52' lang='grc' dir='ltr'>-ε</span> 
     </span>
     <span class='ocr_line' id='line_1_29' title="bbox 71 2877 559 2950; baseline 0.01 -23"><span class='ocrx_word' id='word_1_250' title='bbox 71 2893 107 2944; x_wconf 80' lang='lat'>72.</span> <span class='ocrx_word' id='word_1_251' title='bbox 113 2877 230 2945; x_wconf 78' lang='lat' dir='ltr'>feruidus</span> <span class='ocrx_word' id='word_1_252' title='bbox 237 2917 247 2943; x_wconf 89' lang='lat'>,</span> <span class='ocrx_word' id='word_1_253' title='bbox 259 2892 290 2930; x_wconf 93' lang='lat' dir='ltr'>ut</span> <span class='ocrx_word' id='word_1_254' title='bbox 296 2879 418 2950; x_wconf 77' lang='lat' dir='ltr'>fervidus</span> <span class='ocrx_word' id='word_1_255' title='bbox 430 2880 559 2947; x_wconf 80' lang='lat' dir='ltr'>iustatlll,</span> 
     </span>
     <span class='ocr_line' id='line_1_30' title="bbox 69 2953 563 3031; baseline 0.01 -26"><span class='ocrx_word' id='word_1_256' title='bbox 69 2953 123 3006; x_wconf 81' lang='lat'>350.</span> <span class='ocrx_word' id='word_1_257' title='bbox 135 2958 172 3020; x_wconf 88' lang='lat' dir='ltr'>X,</span> <span class='ocrx_word' id='word_1_258' title='bbox 185 2959 237 3026; x_wconf 80' lang='lat'>788</span> <span class='ocrx_word' id='word_1_259' title='bbox 255 2971 281 3008; x_wconf 92' lang='lat' dir='ltr'>et</span> <span class='ocrx_word' id='word_1_260' title='bbox 298 2959 331 3010; x_wconf 90' lang='lat' dir='ltr'>al.</span> <span class='ocrx_word' id='word_1_261' title='bbox 345 2988 379 2998; x_wconf 90' lang='lat'>-</span> <span class='ocrx_word' id='word_1_262' title='bbox 392 2959 433 3028; x_wconf 72' lang='lat'>74.</span> <span class='ocrx_word' id='word_1_263' title='bbox 446 2960 563 3031; x_wconf 70' lang='lat' dir='ltr'>accingi-</span> 
     </span>
     <span class='ocr_line' id='line_1_31' title="bbox 69 3037 562 3107; baseline 0.01 -22"><span class='ocrx_word' id='word_1_264' title='bbox 69 3037 236 3102; x_wconf 84' lang='lat' dir='ltr'>turfacibus,</span> <span class='ocrx_word' id='word_1_265' title='bbox 255 3052 388 3104; x_wconf 86' lang='lat' dir='ltr'>armatur,</span> <span class='ocrx_word' id='word_1_266' title='bbox 410 3040 562 3107; x_wconf 78' lang='lat' dir='ltr'>instruitur,</span> 
     </span>
     <span class='ocr_line' id='line_1_32' title="bbox 70 3115 562 3186; baseline 0.012 -22"><span class='ocrx_word' id='word_1_267' title='bbox 70 3127 94 3164; x_wconf 87' lang='lat' dir='ltr'>ut</span> <span class='ocrx_word' id='word_1_268' title='bbox 104 3115 184 3168; x_wconf 83' lang='lat' dir='ltr'>altero</span> <span class='ocrx_word' id='word_1_269' title='bbox 197 3116 259 3168; x_wconf 91' lang='lat' dir='ltr'>loco</span> <span class='ocrx_word' id='word_1_270' title='bbox 272 3131 344 3170; x_wconf 84' lang='lat' dir='ltr'>recte</span> <span class='ocrx_word' id='word_1_271' title='bbox 354 3118 441 3186; x_wconf 70' lang='lat' dir='ltr'>Seru,</span> <span class='ocrx_word' id='word_1_272' title='bbox 453 3131 482 3170; x_wconf 91' lang='lat' dir='ltr'>ut</span> <span class='ocrx_word' id='word_1_273' title='bbox 494 3118 562 3172; x_wconf 92' lang='lat' dir='ltr'>adeo</span> 
     </span>
     <span class='ocr_line' id='line_1_33' title="bbox 69 3194 562 3270; baseline 0.01 -27"><span class='ocrx_word' id='word_1_274' title='bbox 69 3194 157 3246; x_wconf 89' lang='lat' dir='ltr'>mirum</span> <span class='ocrx_word' id='word_1_275' title='bbox 165 3215 221 3248; x_wconf 89' lang='lat' dir='ltr'>uon</span> <span class='ocrx_word' id='word_1_276' title='bbox 234 3199 282 3260; x_wconf 85' lang='lat' dir='ltr'>sit,</span> <span class='ocrx_word' id='word_1_277' title='bbox 295 3211 401 3267; x_wconf 89' lang='lat' dir='ltr'>poetam</span> <span class='ocrx_word' id='word_1_278' title='bbox 415 3216 496 3270; x_wconf 91' lang='lat' dir='ltr'>supra</span> <span class='ocrx_word' id='word_1_279' title='bbox 505 3200 562 3264; x_wconf 91' lang='lat' dir='ltr'>Vll,</span> 
     </span>
     <span class='ocr_line' id='line_1_34' title="bbox 72 3274 563 3349; baseline 0.01 -26"><span class='ocrx_word' id='word_1_280' title='bbox 72 3274 113 3342; x_wconf 81' lang='lat'>¹87</span> <span class='ocrx_word' id='word_1_281' title='bbox 142 3274 210 3326; x_wconf 86' lang='lat' dir='ltr'>lituo</span> <span class='ocrx_word' id='word_1_282' title='bbox 243 3278 383 3349; x_wconf 83' lang='lat' dir='ltr'>trabeaque</span> <span class='ocrx_word' id='word_1_283' title='bbox 402 3278 563 3330; x_wconf 86' lang='lat' dir='ltr'>succinctum</span> 
     </span>
     <span class='ocr_line' id='line_1_35' title="bbox 68 3351 564 3427; baseline 0.006 -23"><span class='ocrx_word' id='word_1_284' title='bbox 68 3351 166 3406; x_wconf 81' lang='lat' dir='ltr'>dixisse.</span> <span class='ocrx_word' id='word_1_285' title='bbox 177 3385 212 3393; x_wconf 90' lang='lat'>-—</span> <span class='ocrx_word' id='word_1_286' title='bbox 223 3355 265 3425; x_wconf 85' lang='lat'>75.</span> <span class='ocrx_word' id='word_1_287' title='bbox 273 3355 367 3426; x_wconf 85' lang='lat' dir='ltr'>socos,</span> <span class='ocrx_word' id='word_1_288' title='bbox 380 3375 447 3427; x_wconf 92' lang='lat' dir='ltr'>quos</span> <span class='ocrx_word' id='word_1_289' title='bbox 458 3377 474 3408; x_wconf 84' lang='lat' dir='ltr'>a</span> <span class='ocrx_word' id='word_1_290' title='bbox 483 3359 564 3408; x_wconf 84' lang='lat' dir='ltr'>Rutu-</span> 
     </span>
     <span class='ocr_line' id='line_1_36' title="bbox 68 3429 563 3505; baseline 0.014 -25"><span class='ocrx_word' id='word_1_291' title='bbox 68 3429 95 3483; x_wconf 90' lang='lat' dir='ltr'>lis</span> <span class='ocrx_word' id='word_1_292' title='bbox 106 3434 238 3505; x_wconf 85' lang='lat' dir='ltr'>extemplo</span> <span class='ocrx_word' id='word_1_293' title='bbox 256 3447 402 3486; x_wconf 85' lang='lat' dir='ltr'>exstructos</span> <span class='ocrx_word' id='word_1_294' title='bbox 421 3437 503 3487; x_wconf 86' lang='lat' dir='ltr'>fuisse</span> <span class='ocrx_word' id='word_1_295' title='bbox 516 3454 563 3487; x_wconf 91' lang='lat' dir='ltr'>co·</span> 
     </span>
     <span class='ocr_line' id='line_1_37' title="bbox 66 3513 563 3585; baseline 0.006 -23"><span class='ocrx_word' id='word_1_296' title='bbox 66 3513 198 3584; x_wconf 91' lang='lat' dir='ltr'>gitandum</span> <span class='ocrx_word' id='word_1_297' title='bbox 207 3529 262 3576; x_wconf 85' lang='lat' dir='ltr'>est;</span> <span class='ocrx_word' id='word_1_298' title='bbox 271 3514 392 3585; x_wconf 86' lang='lat' dir='ltr'>adeoque</span> <span class='ocrx_word' id='word_1_299' title='bbox 403 3535 473 3567; x_wconf 89' lang='lat' dir='ltr'>nunc</span> <span class='ocrx_word' id='word_1_300' title='bbox 482 3515 563 3566; x_wconf 84' lang='lat' dir='ltr'>taedas</span> 
     </span>
     <span class='ocr_line' id='line_1_38' title="bbox 67 3593 564 3662; baseline 0.004 -20"><span class='ocrx_word' id='word_1_301' title='bbox 67 3609 109 3642; x_wconf 88' lang='lat' dir='ltr'>seu</span> <span class='ocrx_word' id='word_1_302' title='bbox 121 3594 224 3662; x_wconf 86' lang='lat' dir='ltr'>stipites</span> <span class='ocrx_word' id='word_1_303' title='bbox 237 3595 265 3644; x_wconf 90' lang='lat' dir='ltr'>in</span> <span class='ocrx_word' id='word_1_304' title='bbox 277 3595 340 3644; x_wconf 84' lang='lat' dir='ltr'>foco</span> <span class='ocrx_word' id='word_1_305' title='bbox 355 3593 487 3646; x_wconf 79' lang='lat' dir='ltr'>ardentes.</span> <span class='ocrx_word' id='word_1_306' title='bbox 506 3595 564 3644; x_wconf 87' lang='lat' dir='ltr'>Hae·</span> 
     </span>
     <span class='ocr_line' id='line_1_39' title="bbox 66 3674 565 3744; baseline 0.012 -23"><span class='ocrx_word' id='word_1_307' title='bbox 66 3685 121 3722; x_wconf 88' lang='lat' dir='ltr'>rent</span> <span class='ocrx_word' id='word_1_308' title='bbox 141 3675 230 3744; x_wconf 88' lang='lat' dir='ltr'>intpp.</span> <span class='ocrx_word' id='word_1_309' title='bbox 247 3693 308 3725; x_wconf 87' lang='lat' dir='ltr'>cum</span> <span class='ocrx_word' id='word_1_310' title='bbox 321 3674 421 3726; x_wconf 82' lang='lat' dir='ltr'>Servio.</span> <span class='ocrx_word' id='word_1_311' title='bbox 437 3676 565 3726; x_wconf 88' lang='lat' dir='ltr'>Burman·</span> 
     </span>
     <span class='ocr_line' id='line_1_40' title="bbox 65 3752 563 3822; baseline 0.012 -23"><span class='ocrx_word' id='word_1_312' title='bbox 65 3767 112 3800; x_wconf 86' lang='lat' dir='ltr'>nus</span> <span class='ocrx_word' id='word_1_313' title='bbox 127 3752 203 3802; x_wconf 80' lang='lat' dir='ltr'>focos</span> <span class='ocrx_word' id='word_1_314' title='bbox 224 3754 368 3822; x_wconf 75' lang='lat' dir='ltr'>agrestium</span> <span class='ocrx_word' id='word_1_315' title='bbox 385 3755 413 3804; x_wconf 91' lang='lat' dir='ltr'>in</span> <span class='ocrx_word' id='word_1_316' title='bbox 427 3754 492 3804; x_wconf 85' lang='lat' dir='ltr'>vicis</span> <span class='ocrx_word' id='word_1_317' title='bbox 511 3755 563 3805; x_wconf 91' lang='lat' dir='ltr'>cir-</span> 
     </span>
     <span class='ocr_line' id='line_1_41' title="bbox 67 3831 388 3885; baseline 0.009 -5"><span class='ocrx_word' id='word_1_318' title='bbox 67 3833 219 3883; x_wconf 84' lang='lat' dir='ltr'>cumvicinis</span> <span class='ocrx_word' id='word_1_319' title='bbox 228 3831 388 3885; x_wconf 85' lang='lat' dir='ltr'>advocabat.</span> 
     </span>
    </p>

    <p class='ocr_par' dir='ltr' id='par_1_14' title="bbox 67 3913 565 4064">
     <span class='ocr_line' id='line_1_42' title="bbox 99 3913 565 3984; baseline 0.006 -23"><span class='ocrx_word' id='word_1_320' title='bbox 99 3927 140 3978; x_wconf 86' lang='lat'>77.</span> <span class='ocrx_word' id='word_1_321' title='bbox 155 3930 214 3983; x_wconf 86' lang='lat' dir='ltr'>sqq.</span> <span class='ocrx_word' id='word_1_322' title='bbox 235 3913 379 3977; x_wconf 80' lang='lat' dir='ltr'>Fabulam,</span> <span class='ocrx_word' id='word_1_323' title='bbox 401 3931 458 3983; x_wconf 84' lang='lat' dir='ltr'>quae</span> <span class='ocrx_word' id='word_1_324' title='bbox 478 3916 565 3984; x_wconf 86' lang='lat' dir='ltr'>sequi·</span> 
     </span>
     <span class='ocr_line' id='line_1_43' title="bbox 67 3989 564 4064; baseline 0.01 -23"><span class='ocrx_word' id='word_1_325' title='bbox 67 4000 120 4058; x_wconf 85' lang='lat' dir='ltr'>tur,</span> <span class='ocrx_word' id='word_1_326' title='bbox 127 3989 161 4046; x_wconf 82' lang='lat' dir='ltr'>de</span> <span class='ocrx_word' id='word_1_327' title='bbox 168 3991 284 4046; x_wconf 87' lang='lat' dir='ltr'>navibus</span> <span class='ocrx_word' id='word_1_328' title='bbox 294 3994 321 4045; x_wconf 91' lang='lat' dir='ltr'>in</span> <span class='ocrx_word' id='word_1_329' title='bbox 331 3991 468 4064; x_wconf 77' lang='lat' dir='ltr'>Nymphas</span> <span class='ocrx_word' id='word_1_330' title='bbox 478 4007 564 4046; x_wconf 82' lang='lat' dir='ltr'>muta·</span> 
     </span>
    </p>
   </div>
   <div class='ocr_carea' id='block_1_6' title="bbox 608 2716 1165 4063">
    <p class='ocr_par' dir='ltr' id='par_1_15' title="bbox 608 2716 1165 4063">
     <span class='ocr_line' id='line_1_44' title="bbox 608 2716 1107 2797; baseline -0.026 -19"><span class='ocrx_word' id='word_1_331' title='bbox 608 2726 698 2780; x_wconf 83' lang='lat' dir='ltr'>Servio</span> <span class='ocrx_word' id='word_1_332' title='bbox 712 2727 746 2779; x_wconf 86' lang='lat' dir='ltr'>ad</span> <span class='ocrx_word' id='word_1_333' title='bbox 759 2745 783 2778; x_wconf 83' lang='lat' dir='ltr'>v.</span> <span class='ocrx_word' id='word_1_334' title='bbox 795 2729 827 2779; x_wconf 79' lang='lat'>82</span> <span class='ocrx_word' id='word_1_335' title='bbox 837 2737 926 2797; x_wconf 89' lang='lat' dir='ltr'>patet:</span> <span class='ocrx_word' id='word_1_336' title='bbox 940 2716 1107 2792; x_wconf 88' lang='lat' dir='ltr'>quandoqui-</span> 
     </span>
     <span class='ocr_line' id='line_1_45' title="bbox 610 2798 1106 2867; baseline -0.028 -9"><span class='ocrx_word' id='word_1_337' title='bbox 610 2807 671 2860; x_wconf 87' lang='lat' dir='ltr'>dem</span> <span class='ocrx_word' id='word_1_338' title='bbox 682 2810 784 2860; x_wconf 88' lang='lat' dir='ltr'>minore</span> <span class='ocrx_word' id='word_1_339' title='bbox 793 2806 846 2859; x_wconf 90' lang='lat' dir='ltr'>hoc</span> <span class='ocrx_word' id='word_1_340' title='bbox 858 2806 980 2857; x_wconf 89' lang='lat' dir='ltr'>doctrina</span> <span class='ocrx_word' id='word_1_341' title='bbox 991 2798 1106 2867; x_wconf 89' lang='lat' dir='ltr'>indiget,</span> 
     </span>
     <span class='ocr_line' id='line_1_46' title="bbox 611 2873 1107 2958; baseline -0.03 -21"><span class='ocrx_word' id='word_1_342' title='bbox 611 2891 691 2956; x_wconf 83' lang='lat' dir='ltr'>quam</span> <span class='ocrx_word' id='word_1_343' title='bbox 704 2885 864 2958; x_wconf 79' lang='lat' dir='ltr'>argumentis</span> <span class='ocrx_word' id='word_1_344' title='bbox 876 2883 979 2934; x_wconf 90' lang='lat' dir='ltr'>idoneis</span> <span class='ocrx_word' id='word_1_345' title='bbox 989 2895 1047 2929; x_wconf 89' lang='lat' dir='ltr'>eam</span> <span class='ocrx_word' id='word_1_346' title='bbox 1058 2873 1107 2924; x_wconf 93' lang='lat' dir='ltr'>de-</span> 
     </span>
     <span class='ocr_line' id='line_1_47' title="bbox 610 2959 1108 3017; baseline -0.03 -1"><span class='ocrx_word' id='word_1_347' title='bbox 610 2964 728 3017; x_wconf 80' lang='lat' dir='ltr'>fendere.</span> <span class='ocrx_word' id='word_1_348' title='bbox 753 2966 809 3016; x_wconf 89' lang='lat' dir='ltr'>Nec</span> <span class='ocrx_word' id='word_1_349' title='bbox 834 2980 882 3014; x_wconf 88' lang='lat' dir='ltr'>nos</span> <span class='ocrx_word' id='word_1_350' title='bbox 906 2959 1065 3014; x_wconf 83' lang='lat' dir='ltr'>infitiamur,</span> <span class='ocrx_word' id='word_1_351' title='bbox 1091 2969 1108 3001; x_wconf 90' lang='lat' dir='ltr'>a</span> 
     </span>
     <span class='ocr_line' id='line_1_48' title="bbox 611 3030 1107 3109; baseline -0.03 -15"><span class='ocrx_word' id='word_1_352' title='bbox 611 3046 708 3094; x_wconf 90' lang='lat' dir='ltr'>nostris</span> <span class='ocrx_word' id='word_1_353' title='bbox 716 3042 836 3108; x_wconf 85' lang='lat' dir='ltr'>sensibus</span> <span class='ocrx_word' id='word_1_354' title='bbox 845 3054 871 3092; x_wconf 91' lang='lat' dir='ltr'>et</span> <span class='ocrx_word' id='word_1_355' title='bbox 878 3030 1107 3109; x_wconf 85' lang='lat' dir='ltr'>phantasmatibus</span> 
     </span>
     <span class='ocr_line' id='line_1_49' title="bbox 613 3114 1106 3191; baseline -0.024 -17"><span class='ocrx_word' id='word_1_356' title='bbox 613 3143 671 3175; x_wconf 84' lang='lat' dir='ltr'>eam</span> <span class='ocrx_word' id='word_1_357' title='bbox 682 3125 793 3173; x_wconf 88' lang='lat' dir='ltr'>nimium</span> <span class='ocrx_word' id='word_1_358' title='bbox 810 3131 936 3191; x_wconf 87' lang='lat' dir='ltr'>quantum</span> <span class='ocrx_word' id='word_1_359' title='bbox 953 3114 1106 3167; x_wconf 79' lang='lat' dir='ltr'>abhorrere.</span> 
     </span>
     <span class='ocr_line' id='line_1_50' title="bbox 611 3198 1108 3262; baseline -0.018 -11"><span class='ocrx_word' id='word_1_360' title='bbox 611 3202 668 3252; x_wconf 87' lang='lat' dir='ltr'>Nec</span> <span class='ocrx_word' id='word_1_361' title='bbox 686 3217 750 3252; x_wconf 87' lang='lat' dir='ltr'>vero</span> <span class='ocrx_word' id='word_1_362' title='bbox 763 3199 838 3251; x_wconf 91' lang='lat' dir='ltr'>Maro</span> <span class='ocrx_word' id='word_1_363' title='bbox 857 3198 909 3249; x_wconf 90' lang='lat' dir='ltr'>hoc</span> <span class='ocrx_word' id='word_1_364' title='bbox 928 3212 982 3245; x_wconf 89' lang='lat' dir='ltr'>non</span> <span class='ocrx_word' id='word_1_365' title='bbox 1000 3209 1108 3262; x_wconf 87' lang='lat' dir='ltr'>persen-</span> 
     </span>
     <span class='ocr_line' id='line_1_51' title="bbox 611 3274 1109 3349; baseline -0.018 -18"><span class='ocrx_word' id='word_1_366' title='bbox 611 3282 676 3331; x_wconf 89' lang='lat' dir='ltr'>sisse</span> <span class='ocrx_word' id='word_1_367' title='bbox 684 3292 710 3330; x_wconf 88' lang='lat' dir='ltr'>et</span> <span class='ocrx_word' id='word_1_368' title='bbox 718 3280 774 3349; x_wconf 85' lang='lat' dir='ltr'>ipse</span> <span class='ocrx_word' id='word_1_369' title='bbox 783 3277 867 3329; x_wconf 83' lang='lat' dir='ltr'>videri</span> <span class='ocrx_word' id='word_1_370' title='bbox 875 3275 962 3327; x_wconf 86' lang='lat' dir='ltr'>dehet.</span> <span class='ocrx_word' id='word_1_371' title='bbox 971 3275 1027 3324; x_wconf 85' lang='lat' dir='ltr'>Hoc</span> <span class='ocrx_word' id='word_1_372' title='bbox 1037 3274 1109 3324; x_wconf 90' lang='lat' dir='ltr'>enim</span> 
     </span>
     <span class='ocr_line' id='line_1_52' title="bbox 612 3352 1109 3424; baseline -0.016 -12"><span class='ocrx_word' id='word_1_373' title='bbox 612 3371 686 3424; x_wconf 89' lang='lat' dir='ltr'>erat,</span> <span class='ocrx_word' id='word_1_374' title='bbox 702 3377 750 3410; x_wconf 89' lang='lat' dir='ltr'>cur</span> <span class='ocrx_word' id='word_1_375' title='bbox 766 3376 836 3409; x_wconf 86' lang='lat' dir='ltr'>novo</span> <span class='ocrx_word' id='word_1_376' title='bbox 855 3375 927 3408; x_wconf 89' lang='lat' dir='ltr'>more</span> <span class='ocrx_word' id='word_1_377' title='bbox 944 3354 1044 3406; x_wconf 91' lang='lat' dir='ltr'>aditum</span> <span class='ocrx_word' id='word_1_378' title='bbox 1057 3352 1109 3404; x_wconf 91' lang='lat' dir='ltr'>sibi</span> 
     </span>
     <span class='ocr_line' id='line_1_53' title="bbox 613 3433 1110 3503; baseline -0.018 -13"><span class='ocrx_word' id='word_1_379' title='bbox 613 3437 649 3490; x_wconf 89' lang='lat' dir='ltr'>ad</span> <span class='ocrx_word' id='word_1_380' title='bbox 660 3440 840 3490; x_wconf 87' lang='lat' dir='ltr'>narrationem</span> <span class='ocrx_word' id='word_1_381' title='bbox 855 3437 982 3495; x_wconf 89' lang='lat' dir='ltr'>muniret;</span> <span class='ocrx_word' id='word_1_382' title='bbox 999 3433 1110 3503; x_wconf 84' lang='lat' dir='ltr'>Apollo-</span> 
     </span>
     <span class='ocr_line' id='line_1_54' title="bbox 612 3508 1165 3588; baseline -0.018 -19"><span class='ocrx_word' id='word_1_383' title='bbox 612 3518 649 3568; x_wconf 84' lang='lat' dir='ltr'>nii</span> <span class='ocrx_word' id='word_1_384' title='bbox 661 3520 753 3588; x_wconf 90' lang='lat' dir='ltr'>utique</span> <span class='ocrx_word' id='word_1_385' title='bbox 766 3516 900 3587; x_wconf 84' lang='lat' dir='ltr'>exemplu,</span> <span class='ocrx_word' id='word_1_386' title='bbox 914 3514 960 3565; x_wconf 92' lang='lat' dir='ltr'>lib.</span> <span class='ocrx_word' id='word_1_387' title='bbox 978 3513 1022 3576; x_wconf 93' lang='lat' dir='ltr'>lV,</span> <span class='ocrx_word' id='word_1_388' title='bbox 1043 3511 1106 3563; x_wconf 85' lang='lat'>1381</span> <span class='ocrx_word' id='word_1_389' title='bbox 1162 3508 1165 3517; x_wconf 84' lang='lat'>&#39;</span> 
     </span>
     <span class='ocr_line' id='line_1_55' title="bbox 613 3590 1110 3667; baseline -0.014 -20"><span class='ocrx_word' id='word_1_390' title='bbox 613 3614 688 3667; x_wconf 93' lang='lat' dir='ltr'>sqq.,</span> <span class='ocrx_word' id='word_1_391' title='bbox 699 3596 847 3647; x_wconf 86' lang='lat' dir='ltr'>ubinavem</span> <span class='ocrx_word' id='word_1_392' title='bbox 856 3614 904 3666; x_wconf 92' lang='lat' dir='ltr'>per</span> <span class='ocrx_word' id='word_1_393' title='bbox 911 3593 1016 3645; x_wconf 86' lang='lat' dir='ltr'>deserta</span> <span class='ocrx_word' id='word_1_394' title='bbox 1022 3590 1110 3661; x_wconf 70' lang='lat' dir='ltr'>Libys</span> 
     </span>
     <span class='ocr_line' id='line_1_56' title="bbox 612 3673 1109 3746; baseline -0.016 -19"><span class='ocrx_word' id='word_1_395' title='bbox 612 3673 729 3727; x_wconf 85' lang='lat' dir='ltr'>humeris</span> <span class='ocrx_word' id='word_1_396' title='bbox 742 3675 890 3746; x_wconf 73' lang='lat' dir='ltr'>Minyarum</span> <span class='ocrx_word' id='word_1_397' title='bbox 904 3684 1032 3744; x_wconf 87' lang='lat' dir='ltr'>gestatam</span> <span class='ocrx_word' id='word_1_398' title='bbox 1044 3687 1109 3720; x_wconf 88' lang='lat' dir='ltr'>nar-</span> 
     </span>
     <span class='ocr_line' id='line_1_57' title="bbox 613 3749 1110 3806; baseline -0.012 -3"><span class='ocrx_word' id='word_1_399' title='bbox 613 3767 718 3806; x_wconf 86' lang='lat' dir='ltr'>raturus</span> <span class='ocrx_word' id='word_1_400' title='bbox 740 3765 805 3805; x_wconf 90' lang='lat' dir='ltr'>erat.</span> <span class='ocrx_word' id='word_1_401' title='bbox 827 3753 915 3803; x_wconf 91' lang='lat' dir='ltr'>Potuit</span> <span class='ocrx_word' id='word_1_402' title='bbox 935 3762 1021 3802; x_wconf 90' lang='lat' dir='ltr'>autem</span> <span class='ocrx_word' id='word_1_403' title='bbox 1040 3749 1110 3799; x_wconf 89' lang='lat' dir='ltr'>inter</span> 
     </span>
     <span class='ocr_line' id='line_1_58' title="bbox 613 3827 1109 3897; baseline -0.014 -13"><span class='ocrx_word' id='word_1_404' title='bbox 613 3847 713 3886; x_wconf 84' lang='lat' dir='ltr'>veteres</span> <span class='ocrx_word' id='word_1_405' title='bbox 729 3833 785 3884; x_wconf 85' lang='lat' dir='ltr'>haec</span> <span class='ocrx_word' id='word_1_406' title='bbox 803 3831 895 3885; x_wconf 86' lang='lat' dir='ltr'>fabula</span> <span class='ocrx_word' id='word_1_407' title='bbox 914 3831 1000 3881; x_wconf 89' lang='lat' dir='ltr'>minus</span> <span class='ocrx_word' id='word_1_408' title='bbox 1020 3827 1109 3897; x_wconf 89' lang='lat' dir='ltr'>displi-</span> 
     </span>
     <span class='ocr_line' id='line_1_59' title="bbox 613 3910 1110 3984; baseline -0.016 -20"><span class='ocrx_word' id='word_1_409' title='bbox 613 3933 688 3978; x_wconf 85' lang='lat' dir='ltr'>cere,</span> <span class='ocrx_word' id='word_1_410' title='bbox 697 3910 991 3984; x_wconf 82' lang='lat' dir='ltr'>quumeaveterefama</span> <span class='ocrx_word' id='word_1_411' title='bbox 999 3919 1110 3976; x_wconf 86' lang='lat' dir='ltr'>accepta</span> 
     </span>
     <span class='ocr_line' id='line_1_60' title="bbox 613 3985 1108 4063; baseline -0.03 -15"><span class='ocrx_word' id='word_1_412' title='bbox 613 4005 681 4048; x_wconf 86' lang='lat' dir='ltr'>esset</span> <span class='ocrx_word' id='word_1_413' title='bbox 686 4014 694 4058; x_wconf 92' lang='lat'>;</span> <span class='ocrx_word' id='word_1_414' title='bbox 703 4005 729 4047; x_wconf 89' lang='lat' dir='ltr'>ct</span> <span class='ocrx_word' id='word_1_415' title='bbox 735 3994 812 4047; x_wconf 88' lang='lat' dir='ltr'>Maro</span> <span class='ocrx_word' id='word_1_416' title='bbox 820 4011 878 4045; x_wconf 89' lang='lat' dir='ltr'>eam</span> <span class='ocrx_word' id='word_1_417' title='bbox 885 3993 1004 4062; x_wconf 81' lang='lat' dir='ltr'>repetere</span> <span class='ocrx_word' id='word_1_418' title='bbox 1011 3985 1108 4063; x_wconf 84' lang='lat' dir='ltr'>potuit,</span> 
     </span>
    </p>
   </div>
   <div class='ocr_carea' id='block_1_7' title="bbox 0 0 1359 4598">
    <p class='ocr_par' dir='ltr' id='par_1_16' title="bbox 0 0 1359 4598">
     <span class='ocr_line' id='line_1_61' title="bbox 0 0 1359 4598; baseline 0 0"><span class='ocrx_word' id='word_1_419' title='bbox 0 0 1359 4598; x_wconf 95' lang='lat' dir='ltr'> </span> 
     </span>
    </p>
   </div>
  </div>
 </body>
</html>
