2724 4600
418 304 790 373 Annmmnun
981 385 984 392 Δ
1082 303 1124 394 n

91 447 146 481 rum
160 429 293 496 hnmana,
310 431 380 484 vires
399 433 519 501 corporis
536 433 662 501 majores,
678 445 766 484 motus
785 429 951 494 celerrimus,
966 431 1053 484 forma
1073 433 1127 482 oris

90 506 282 578 pulcherrima,
294 512 326 562 iis
339 510 378 562 illi
393 511 431 561 ita
443 511 484 562 usi
495 523 570 576 sunt,
582 522 611 560 ut
623 529 655 561 ea
667 510 717 562 sibi
729 524 854 581 tanquam
866 511 976 581 propria
991 511 1126 573 lacerent,

8 643 9 652 ,
91 589 208 657 inprimis
221 591 248 641 in
261 591 339 660 poesi
349 591 439 660 epica,
452 602 532 660 utque
547 592 575 641 in
590 608 666 641 usum
683 592 814 661 poeticum
828 587 984 661 perpetuum
1000 589 1129 641 transfer·

8 653 16 728 ἦ
92 680 161 732 rent,
173 669 296 738 inprimis
306 671 354 721 nbi
363 670 395 720 iis
407 670 523 740 vestigiis
533 669 705 734 insistebant,
717 683 746 720 ut
758 669 868 743 deornm
881 670 1030 722 ministeriis
1040 668 1129 739 plera-

92 763 141 815 que
153 763 362 818 exsequerentur
375 770 380 798 :
394 749 428 798 cf.
439 749 555 818 Disquis.
566 750 577 798 l
587 747 621 799 de
631 751 746 800 carmine
756 752 842 820 epieo.
855 750 947 818 Neque
959 766 1022 800 vero
1032 765 1064 798 ea
1073 747 1131 817 opi·

8 893 9 896 ¹
91 827 133 876 nio
146 833 292 898 prasentia
309 830 424 880 numinis
441 830 510 879 inter
521 831 585 882 istos
601 827 707 898 quidem
720 829 835 899 populos
848 828 904 880 tolli
920 831 1021 899 potuit,
1034 827 1131 877 nisiex

8 917 9 926 ³
93 922 142 974 qno
151 905 377 978 pbilosophorum
386 906 509 960 subtilior
519 907 679 978 disputatio,
689 920 715 960 et
722 920 874 960 sanctorum
881 919 970 958 vatum
981 905 1130 958 accuratior

92 981 225 1049 doctrina,
239 986 273 1036 ab
286 988 360 1037 omni
369 987 489 1056 corporis
498 988 586 1056 specie
600 1003 630 1036 ac
641 985 702 1037 labe
714 987 861 1058 segregavit
871 986 988 1037 divinam
996 995 1128 1034 naturam.

8 1115 9 1132 ,
92 1061 169 1128 Quod
185 1066 208 1114 si
227 1065 357 1116 nonnulla
375 1083 408 1116 ex
423 1064 463 1115 bis
480 1064 565 1117 videri
581 1083 652 1116 nune
663 1078 775 1136 possunt
787 1077 851 1116 nota
861 1066 930 1116 forte
943 1081 974 1115 ac
987 1059 1130 1122 malatina,

92 1141 268 1212 reputandum
275 1157 329 1210 est,
343 1164 374 1197 ea
386 1147 484 1216 scripta
494 1163 551 1197 esse
561 1156 622 1198 ante
634 1144 682 1196 hos
695 1145 803 1197 XXXVI
811 1162 908 1209 annos,
921 1161 1002 1215 quum
1011 1137 1131 1191 nondum

8 1269 16 1290 ,
93 1221 134 1274 illa
144 1225 214 1276 inter
223 1238 290 1278 nota
303 1245 334 1278 ac
346 1225 568 1297 vulgariahaheri
575 1238 715 1298 poterant;
727 1226 785 1278 aliis
795 1237 889 1298 postea
895 1225 1063 1296 frequentata
1071 1219 1130 1288 ipso

8 1347 9 1350 ,
94 1318 320 1376 usuprogressnm
328 1323 462 1375 accepere.

373 1589 742 1682 EXCURSUS
776 1595 841 1681 ΙΙ.

313 1785 368 1850 De
379 1788 486 1852 insula
497 1785 663 1862 Inan'me,
675 1785 761 1868 etde
773 1785 912 1851 Anatis.

128 1943 177 2011 lX,
191 1941 258 2013 715,
278 1943 330 2012 716
349 1945 416 1994 Tum
434 1943 522 1996 sonita
540 1942 671 2013 Prochyta
693 1940 749 1993 alta
761 1941 873 2012 fremit,
890 1941 1038 2012 duramque
1049 1940 1136 1992 cubile

98 2020 213 2073 Inarime
219 2022 293 2074 Joois
302 2021 417 2094 imperiis
428 2023 536 2093 imposta
549 2019 673 2092 Typhoeo.
682 2021 865 2071 Promontorio
876 2019 1026 2090 Campaniae
1032 2019 1136 2070 Miseno

97 2099 206 2168 objectae
225 2111 289 2150 sunt
308 2100 400 2150 insula
418 2100 549 2170 Prochyta
561 2100 648 2170 (nunc
661 2098 789 2169 Precida)
799 2111 825 2150 et
837 2097 920 2150 altera
931 2094 1022 2168 paullo
1034 2098 1135 2166 major,
1164 2111 1165 2114 ’

96 2176 234 2230 Pithecusa
245 2195 292 2229 seu
303 2179 339 2228 AE
341 2178 417 2229 naria
428 2178 515 2250 (nunc
526 2178 639 2248 ischia).
650 2177 796 2230 Pithecusa
804 2180 860 2230 fere
869 2177 966 2250 plurali
978 2195 1088 2230 numero
1098 2177 1138 2229 ef·

97 2259 159 2309 ferri
176 2258 280 2324 solent,
300 2276 346 2310 seu
365 2261 491 2328 qnoniam
509 2259 639 2331 Prochyta
655 2259 704 2310 sub
722 2259 816 2312 eodem
833 2260 939 2311 nomine
951 2261 1002 2312 fuit
1014 2275 1138 2329 compre-

97 2335 192 2402 hensa,
212 2355 261 2390 seu
278 2337 351 2407 quod
367 2338 457 2409 plures
470 2338 616 2409 aliquando
629 2341 712 2392 fuere.
726 2339 791 2391 Sunt
803 2341 873 2391 enim
885 2351 1023 2403 auctores,
1036 2337 1082 2408 qui
1093 2337 1138 2388 Pi-

98 2415 219 2490 thecusas
235 2415 270 2469 ab
283 2419 391 2470 AEnaria
407 2419 568 2471 discernant.
589 2419 652 2472 Esse
671 2436 716 2471 eas
732 2423 823 2490 partes
839 2421 998 2485 continentis
1017 2416 1137 2480 avulsas,

98 2508 123 2547 et
134 2510 261 2550 constans
272 2499 345 2551 fama
357 2499 481 2564 obtinuit,
494 2497 563 2568 (vid.
580 2497 684 2552 Cluver.
693 2498 751 2552 ltal.
762 2501 822 2551 Ant.
831 2503 876 2565 lV,
884 2500 916 2570 4)
932 2512 959 2552 et
970 2501 1029 2570 ipen
1041 2515 1083 2549 res
1094 2496 1138 2547 lo-

99 2596 245 2650 corumque
257 2581 339 2633 facies
351 2580 491 2652 probabile
500 2581 580 2643 facin
594 2580 772 2634 subterraneis
782 2584 852 2635 enim
859 2582 964 2654 ignibus
974 2597 1042 2649 sape
1052 2575 1140 2630 Pithe-

99 2675 165 2708 cusae
178 2672 341 2712 exarserunt.
354 2659 408 2711 vid.
422 2661 542 2729 inprimis
554 2659 678 2713 Strabon.
691 2661 724 2725 V,
736 2679 798 2732 pag.
810 2659 861 2730 379
871 2661 890 2711 f.
899 2679 957 2731 sqq.
971 2659 1036 2711 Plin.
1048 2656 1086 2720 ll,
1095 2656 1137 2706 88.

99 2734 195 2787 Mirab.
215 2736 285 2788 tud.
304 2737 347 2790 36.
366 2739 437 2789 conf.
459 2736 627 2790 Wernsdorf.
646 2739 753 2790 Excurs.
773 2740 809 2790 llI
827 2739 862 2790 ad
879 2741 985 2790 AEtnam
1001 2732 1140 2808 T0m31v,

100 2834 127 2885 p.
143 2815 196 2883 3⁵4
205 2833 264 2886 sqq.
278 2816 367 2882 Quum
380 2831 468 2870 autem
479 2819 575 2870 veteris
588 2821 716 2870 sermonis
728 2829 755 2870 et
766 2816 994 2888 phantasmatum,
1007 2829 1065 2882 qua
1077 2809 1139 2861 indo

100 2907 185 2964 poetae
202 2908 388 2965 susceperant,
401 2897 469 2948 ratio
485 2896 521 2948 ita
535 2897 630 2962 ferret,
643 2909 672 2947 ut
684 2887 813 2948 terrarum
825 2907 911 2946 motus
926 2906 952 2945 et
966 2892 1066 2963 ignium
1077 2887 1141 2938 sub-

101 2985 285 3026 terraneorum
302 2974 468 3046 explosiones
486 2975 642 3046 Gigantibus
665 2988 740 3028 terra
757 2975 865 3027 inclusis
885 2973 1047 3024 tribuerent:
1067 2966 1140 3038 quod

100 3072 182 3125 quum
194 3057 281 3125 primo
289 3065 427 3110 'narrasset
438 3055 472 3108 de
479 3055 598 3128 Typhoeo
607 3055 739 3108 Hesiodus
751 3058 807 3107 sine
819 3057 891 3107 omni
899 3055 952 3105 loci
962 3049 1095 3102 mentione
1108 3054 1139 3112 Θ,

11 3158 13 3167 ·
100 3133 150 3202 859
159 3152 237 3205 sqq,
249 3135 344 3187 fabula
354 3133 427 3187 hand
439 3134 518 3187 dubie
531 3154 563 3187 ex
574 3137 682 3188 Oriente
691 3148 814 3205 accepta,
827 3133 971 3186 deductum
980 3142 1021 3182 est
1032 3128 1066 3181 ad
1077 3126 1141 3178 Cili-

8 3233 19 3254 ι’
103 3217 187 3278 ciam,
204 3213 321 3285 Syriam,
338 3213 426 3266 lacurn
442 3213 610 3267 Sirbonidern
621 3227 647 3266 et
659 3213 839 3285 Asphaltiten,
852 3211 887 3264 ad
898 3212 966 3262 Asiae
980 3208 1143 3261 Catacecau-
1164 3247 1169 3253 .

102 3311 197 3344 menen
210 3305 236 3344 et
249 3290 389 3364 Phrygiam
400 3291 468 3362 (vid.
483 3293 596 3345 Wessel.
610 3293 645 3346 nd
656 3292 734 3345 Diod.
747 3294 780 3358 V,
794 3307 834 3362 71.
847 3292 882 3343 cf.
892 3288 1017 3362 Apollod.
1029 3289 1055 3353 1,
1068 3287 1101 3352 6,
1114 3287 1141 3350 3,

8 3419 10 3442 ,
102 3383 128 3424 et
138 3371 176 3423 ibi
186 3371 315 3443 Notata);
329 3371 367 3421 ita
379 3382 492 3422 tractum
505 3385 545 3424 est
557 3374 637 3424 etiam
649 3371 684 3423 ad
695 3371 765 3424 banc
776 3369 1067 3441 insnlam,impositam
1081 3385 1140 3420 eam
1179 3415 1181 3419 .

100 3469 156 3504 esse
170 3448 308 3520 Typhoeo,
321 3448 394 3519 quod
406 3449 477 3502 idem
491 3449 524 3503 de
533 3450 633 3502 Arimis
642 3452 696 3502 suis
709 3462 863 3504 narraverat
873 3451 1004 3500 Homerus
1015 3445 1091 3499 Iliad.
1104 3446 1139 3505 β,

103 3529 162 3602 783.
175 3527 339 3581 Arimoshos
348 3531 404 3598 jam
416 3531 485 3582 inter
496 3543 598 3582 veteres
609 3530 675 3582 alios
685 3533 712 3582 in
720 3532 809 3603 Mysiae
819 3547 865 3582 seu
873 3527 960 3600 Lydiae
972 3537 1061 3598 parte,
1075 3523 1141 3578 alios

8 3673 9 3676 Ἴ
101 3610 249 3675 incilicia,
261 3611 289 3661 in
301 3608 375 3682 Syria
387 3609 453 3662 alios
468 3614 609 3682 reperisse;
627 3613 708 3665 fuisse
724 3611 832 3664 tandem
844 3613 935 3672 etiam,
955 3609 1000 3679 qui
1012 3610 1039 3668 in
1051 3599 1142 3657 Pithe-

102 3695 171 3745 cusis
183 3691 278 3742 insulis
291 3691 468 3757 collocarent,
480 3704 571 3744 narrat
579 3692 674 3746 Strabo
682 3692 730 3745 lib.
740 3692 813 3756 Xlll,
823 3710 849 3762 p.
860 3709 913 3761 9²9
921 3689 950 3742 C.
961 3687 1048 3741 Exhis
1058 3697 1141 3758 patet,

100 3772 240 3844 Virgilium
251 3784 372 3821 nostrum
385 3789 438 3821 non
450 3771 533 3822 fnisse
546 3773 674 3842 primum,
688 3772 733 3842 qui
745 3789 861 3822 errorem
873 3768 945 3819 hunc
956 3766 1143 3828 committeret,

100 3863 129 3900 ut
140 3852 246 3900 Arimos
257 3848 292 3900 ad
300 3848 370 3900 hanc
380 3849 493 3900 insulam
502 3851 667 3902 transferret.
677 3849 762 3900 Multo
772 3850 858 3900 minus
867 3846 912 3898 ille
922 3844 1047 3897 adversus
1056 3861 1144 3914 gram·

99 3930 223 3980 maticam
232 3929 363 3979 rationem
369 3927 505 3979 Inarimen
514 3928 602 3980 facere
611 3931 698 3998 potuit
705 3947 736 3980 ex
743 3927 779 3979 Eis
787 3926 898 3996 ’ltp‘laon,
907 3941 964 3995 quae
972 3923 1013 3974 vel
1020 3920 1142 3986 τὶἋριμαι

100 4007 140 4058 vel
153 4003 172 4058 ai
180 4006 271 4076 Ἀριμω
285 4005 401 4058 luerunt.
414 4005 539 4078 Suspicor
552 4009 634 4060 fuisse
645 4009 761 4080 aliquem
776 4027 806 4060 ex
817 4006 933 4076 antiquis
944 4003 1031 4074 poetis
1042 4001 1142 4064 latinis,
