2718 4594
309 318 550 386 AENEIDOS.
568 319 721 384 LIBER
743 320 806 385 Xl.
1014 327 1075 415 269

29 473 45 504 κ
57 445 147 528 Quis
158 459 285 539 metue,
299 466 320 508 o
332 467 513 532 numquam
526 440 672 523 dolituri,
687 467 708 508 o
720 466 851 533 semper
861 444 981 511 inertes

24 551 218 641 Tyrrheni,
232 573 305 640 quae
317 566 408 614 tanta
418 550 535 614 animis
547 550 674 636 ignavia
686 551 795 614 venit?

26 660 175 722 Femina
186 657 324 746 palantis
336 657 416 744 agit,
430 671 528 744 atque
541 654 612 719 baec
624 656 752 741 agmina
764 657 879 720 vertit?

26 765 107 845 Quo
121 765 266 842 ferrum,
279 761 403 852 quidve
415 761 485 826 baec
498 761 640 848 gerimus
653 760 717 824 tela
729 761 825 824 inrita
838 761 977 827 dextris?
1033 775 1077 838 735

27 872 72 933 At
84 893 161 934 non
174 870 209 932 in
221 871 385 933 Venerem
397 889 528 954 segma,
542 882 769 954 nocturnaque
781 866 881 946 bella,

29 979 114 1068 Aut,
129 974 192 1040 ubi
205 997 304 1039 curva
316 975 434 1038 choros
447 971 564 1036 indixit
575 971 654 1036 tibia
666 970 798 1051 Bacchi,
937 962 938 968 ἵ

29 1083 238 1170 Exspectare
251 1080 366 1172 dapes,
380 1097 412 1144 et
423 1079 529 1166 plenae
542 1079 660 1166 pocula
673 1099 809 1158 meusae3
831 1093 832 1096 ’

31 1257 88 1303 Not.
99 1257 132 1303 ad
147 1256 173 1301 h.
188 1256 205 1302 l.
215 1258 237 1316 l,
250 1259 276 1302 in
287 1256 373 1320 quibua
383 1268 432 1302 est:
445 1256 559 1319 reficitque
567 1255 598 1300 ad
604 1252 683 1316 proelia
694 1263 785 1299 mentes.
798 1249 844 1296 Sed
853 1253 877 1295 in
885 1265 945 1314 taepe
957 1250 1012 1297 aliar
1023 1249 1084 1298 vidi-

32 1344 86 1374 mus
95 1338 196 1392 poetam
208 1329 302 1384 nectari,
314 1328 355 1372 ubi
366 1327 436 1389 vulgo
445 1328 540 1389 adponi
552 1325 648 1372 solebat.
660 1328 683 1370 in
690 1322 842 1387 proelr'ofusos
851 1325 925 1384 Bigot.
933 1348 964 1358 —
971 1320 1023 1384 734.
1032 1320 1083 1384 pol·

31 1399 105 1447 lentes
115 1413 166 1448 tres
176 1417 214 1462 ap.
227 1402 317 1457 Burm,
329 1411 444 1462 perpetuo
454 1399 528 1460 lapsu.
538 1396 644 1460 pallentis
656 1395 753 1443 Mentel.
768 1412 804 1458 pr.
817 1397 930 1459 agitatque
944 1392 990 1439 ltoec
1001 1394 1082 1438 Franc.

30 1477 106 1538 agitat
117 1482 190 1536 atque
201 1488 223 1517 u.
234 1473 276 1518 Ed.
289 1489 325 1534 pr.
335 1472 407 1517 Totus
416 1485 495 1519 versut
507 1465 626 1516 exciderat
635 1469 703 1514 Goth.
714 1479 767 1514 tert.
777 1492 809 1502 -
819 1467 871 1528 735.
881 1481 952 1529 quove
963 1463 1051 1510 Zulicb.
1062 1474 1086 1509 et

33 1543 95 1590 alter
107 1544 195 1589 Hamb.
208 1559 221 1587 a
235 1559 265 1587 m.
281 1557 341 1599 aee,
356 1553 379 1588 et
391 1543 478 1606 quodue
491 1557 504 1586 a
519 1557 549 1584 m.
564 1557 600 1603 pr.
614 1538 695 1604 quidve
707 1537 747 1585 hoc
758 1537 856 1585 Dorvill.
870 1540 967 1601 perimus
979 1534 1086 1581 meliores

31 1613 90 1660 libri
101 1627 125 1661 et
135 1629 191 1677 part
201 1612 256 1660 edd.
266 1625 322 1660 vett.
333 1629 386 1659 cum
396 1613 434 1659 ed.
445 1611 556 1658 Commel.
568 1621 591 1656 et
600 1610 656 1656 binc
666 1610 756 1656 ductis:
769 1621 793 1655 at
804 1611 829 1654 iu
838 1608 889 1654 aliia
894 1626 902 1664 ;
912 1609 1000 1671 peritr's,
1009 1607 1087 1651 minua

33 1685 112 1743 bene,
124 1699 149 1734 et
158 1685 214 1731 binc
225 1697 334 1747 corrupte
342 1688 414 1748 pentae
426 1682 515 1747 aliquot
525 1685 652 1728 Heiusiani.
662 1706 694 1718 -
704 1681 756 1744 736.
768 1689 904 1726 noctemve
915 1678 981 1723 Leid.
992 1702 1024 1713 -
1034 1675 1087 1739 737.
1158 1727 1162 1738 1

35 1757 131 1802 induxit
145 1757 171 1800 iu
184 1753 305 1802 nonnullis
318 1755 454 1817 vulgatum:
469 1755 512 1800 scd
523 1754 604 1798 indixit
616 1755 696 1798 Heius.
710 1751 826 1807 vindicat,
838 1749 919 1812 etjam
930 1760 984 1793 ante
995 1749 1020 1792 in
1033 1745 1087 1791 edd.

34 1826 141 1872 extabat.
152 1825 250 1872 Ecodd.
260 1840 320 1871 uuus
329 1825 394 1871 Leid.
408 1825 494 1870 inducit
507 1841 519 1869 a
531 1840 562 1868 m.
577 1839 626 1886 pr.‚
639 1835 662 1869 et
674 1839 686 1868 a
700 1838 747 1868 sec.
762 1822 846 1866 indicit.
855 1844 887 1855 -—
896 1819 949 1881 738.
963 1818 1088 1879 Expectata

35 1967 178 2019 Praeivisse
190 1968 299 2018 Furium
313 1967 366 2035 (Μ.
379 1967 488 2016 Furium
500 1965 545 2018 Bi·
588 1977 718 2016 norantur
729 1961 805 2014 Iliad.
819 1962 850 2020 d,
868 1958 919 2024 340
933 1974 990 2026 sqq.
1004 1957 1034 2006 ln
1045 1954 1087 2007 his

36 2047 189 2118 baculum)
207 2049 235 2098 in
246 2045 341 2098 Annal.
358 2047 411 2111 XI,
429 2044 545 2096 Nomine
591 2045 636 2094 ubi
649 2043 711 2094 tibia
723 2039 821 2093 Bacchi
832 2055 911 2089 curva
924 2032 1089 2086 indixitclto·

37 2145 176 2200 quemque
198 2127 269 2178 ciet:
291 2126 422 2177 dictorum
446 2135 547 2194 tempus
592 2114 1090 2193 ros,-putatur'respexisseMaroPria-

37 2211 128 2262 adesce
141 2209 334 2260 Commemorat
334 2243 394 2258 ......
406 2201 550 2275 Confirmat
591 2205 628 2254 mi
644 2219 753 2266 vocem,
774 2200 820 2269 qui
840 2196 908 2248 filios
929 2197 1089 2264 increpans,

40 2290 136 2342 dictis:
151 2286 232 2340 simul
243 2303 320 2359 utque
331 2286 548 2350 exsuscitataores
592 2277 707 2350 ὄρχοστοῖς
725 2276 894 2349 χοροιτυπίῃσιν
919 2275 1024 2343 ἀρίστους
1045 2291 1091 2342 ap-

40 2369 86 2421 Ad
97 2365 253 2420 bellandum
263 2361 549 2436 animosrefict'tqueud
592 2362 675 2434 pellat
695 2359 771 2410 Iliad.
793 2379 830 2422 e,
855 2357 913 2408 261.
935 2355 1036 2404 Locum
1057 2350 1090 2402 da

37 2447 139 2521 proelt'a
148 2458 245 2499 mentes
254 2443 357 2498 notaivit
368 2445 487 2497 Macrob.
497 2445 546 2508 Vl,
592 2439 745 2492 Phaeacibus
760 2437 813 2488 buc
825 2447 923 2486 vocant
935 2433 980 2484 alii
993 2431 1089 2503 Odyss.

45 2544 69 2580 t.
83 2527 180 2580 Malim
192 2541 218 2578 ct
228 2526 273 2578 hic
282 2529 427 2578 Homerum
436 2523 547 2576 laudare
592 2521 626 2582 θ,
642 2521 700 2587 248.
712 2519 778 2587 249,
792 2535 845 2587 quo
858 2528 947 2567 tamen
958 2514 1002 2564 vix
1014 2513 1091 2581 quic-

40 2607 122 2660 lliad.
137 2628 168 2667 e,
186 2608 219 2676 67
232 2602 351 2675 πατρόθεν
370 2599 396 2656 iu
411 2605 486 2670 partie
501 2605 548 2655 im-
594 2601 716 2670 quam.iu
731 2609 817 2667 poetae
829 2595 917 2646 verbis
934 2592 1090 2645 illustratur.

39 2687 128 2756 μέζων
145 2685 217 2755 ἄνδρα
231 2685 334 2738 inaurat.
348 2688 377 2737 lu
390 2703 447 2756 sqq.
461 2683 549 2736 verbis
592 2679 633 2730 De
644 2678 709 2729 tibia
720 2679 748 2727 iu
758 2677 837 2726 saeris
851 2675 975 2735 omnino,
993 2683 1048 2721 tum
1064 2671 1093 2718 in

42 2768 197 2822 Tarchonis
210 2787 226 2820 a
240 2787 279 2821 va.
296 2768 344 2838 73²
360 2768 492 2818 neminem
508 2766 551 2816 fu·
594 2756 703 2828 Cybeles
716 2768 742 2806 et
758 2752 869 2816 Bacchi,
890 2750 924 2801 ad
941 2749 1036 2800 choros
1055 2745 1093 2796 nil

44 2868 111 2922 gere
119 2842 548 2919 possuntveetigiallomerilliad.
595 2853 702 2886 monere
716 2850 783 2902 opus
794 2844 849 2891 est;
862 2847 941 2880 curva
954 2826 1033 2890 tibia,
1045 2842 1093 2874 no-

45 2931 79 2989 d,
101 2927 154 2993 340
172 2925 344 2997 seq.-732.
369 2925 391 2976 0
412 2939 551 2994 nunquam
594 2927 684 2979 tatur,
709 2924 838 2980 tanquam
860 2923 944 2980 genus
968 2915 1092 2967 certum3

46 3006 163 3061 dolituri
178 3005 333 3070 dedecoris,
355 3005 469 3055 infamia
493 3019 552 3052 sen·
594 3013 656 3046 uam
676 2991 756 3041 lituus
777 3003 817 3041 est
839 2988 972 3048 buccina,
997 3000 1090 3033 cornu.

47 3106 111 3140 aum
123 3085 249 3138 babituri.
259 3085 292 3135 At
300 3085 391 3135 Horat.
405 3079 552 3134 Odolitura
596 3070 728 3124 Bacchum
743 3087 803 3119 cum
813 3065 915 3136 judicio
924 3062 1029 3114 videtur
1044 3078 1094 3110 no·

46 3185 111 3218 mea
124 3163 239 3216 multum
253 3165 349 3216 virtute
360 3163 453 3214 Neoeru
466 3157 551 3230 Ep'od.
596 3153 726 3213 minasse,'
736 3167 798 3198 nam
812 3143 909 3196 Bacchi
921 3159 996 3193 sacra
1008 3152 1035 3190 et
1045 3141 1095 3191 ini·

46 3246 117 3309 XV,
142 3259 181 3295 ιι.
194 3273 227 3284 —·
236 3243 295 3312 736.
316 3242 427 3314 Egregie
448 3239 476 3289 iu
497 3255 553 3289 rem
597 3235 635 3283 tia
643 3248 702 3282 cum
712 3230 739 3279 in
749 3225 853 3296 reliqua
862 3221 952 3287 ltalia,
962 3233 1017 3270 tum
1027 3220 1096 3271 inter

49 3341 130 3377 suam
142 3323 220 3374 vertit
231 3334 312 3392 poetn
326 3322 427 3371 famam
439 3317 472 3370 de
484 3329 555 3368 vete·
597 3313 723 3363 Etruscos
730 3307 773 3358 vel
784 3307 897 3356 maxime
905 3302 1031 3373 viguisse,
1041 3302 1097 3368 jam

49 3423 114 3456 rum
130 3403 303 3452 Etruscorum
319 3399 441 3450 luxurie:
459 3397 508 3448 etsi
526 3397 554 3446 iu
599 3392 662 3444 olim
679 3407 711 3442 ex
726 3399 800 3440 tauto
816 3401 941 3436 vasorum
962 3392 988 3432 et
1008 3397 1097 3431 sarco-

50 3481 166 3554 singulis
179 3482 339 3534 ornamentis
347 3479 492 3530 Homerum
500 3493 554 3528 res·
598 3473 748 3545 phagorum
759 3483 884 3528 numero,
894 3465 922 3513 in
935 3480 988 3532 quo
997 3461 1044 3512 illa
1054 3477 1099 3510 oc-

49 3566 147 3636 picere
165 3563 267 3631 potuit,
287 3559 410 3610 alacriter
428 3556 554 3607 diciteos
599 3562 722 3616 currunt,
735 3545 862 3616 suspicati
877 3559 976 3594 sumus.
989 3559 1014 3591 v.
1027 3541 1096 3591 Nov.

51 3661 133 3696 ruere
147 3640 182 3693 ad
194 3639 286 3712 epulas
299 3651 325 3692 et
338 3637 447 3709 quidem
460 3634 556 3686 sacrifi·
600 3634 747 3685 Commeat.
761 3627 820 3678 Soc.
832 3625 863 3674 lt.
876 3623 948 3674 Gott.
963 3621 994 3671 T.
1007 3621 1057 3684 111,
1069 3638 1096 3690 p.

54 3725 170 3774 ciorum.
188 3719 272 3771 Simili
289 3728 445 3790 argumento
463 3713 496 3765 ad
514 3731 558 3764 ex·
602 3713 635 3765 53
653 3728 711 3781 sqq.
729 3737 764 3746 -
782 3705 841 3774 736.
861 3699 1018 3753 Amaritudo
1035 3699 1101 3750 dicti

53 3800 259 3874 probrationem
282 3797 409 3851 utebatur
427 3795 557 3844 Homerus
603 3793 640 3842 tic
650 3791 713 3842 satis
726 3784 896 3857 intelligitur,
910 3784 932 3834 si
944 3782 1043 3850 cogites
1054 3797 1099 3830 eos

55 3884 84 3933 iu
103 3880 289 3933 Menestheum
308 3891 336 3931 et
351 3875 493 3948 inpotem,
512 3871 560 3924 sed
603 3872 694 3942 lugere
709 3869 736 3919 in
752 3865 844 3938 praelio
864 3882 924 3915 cum
940 3863 1048 3912 femina,
1067 3885 1101 3896 -

57 3961 133 4034 quod
144 3961 225 4033 primi
237 3971 368 4011 vocantur
378 3955 411 4006 ad
422 3971 524 4005 coenarn
534 3963 560 4002 et
605 3950 665 4022 738.
684 3967 736 4000 non
751 3963 837 4019 seques
856 3952 990 4014 expectare
1001 3967 1035 3981 --
1045 3935 1104 4009 ple-

56 4043 160 4111 majore
170 4039 293 4092 carnium
302 4037 411 4106 vinique
424 4033 505 4106 copia
514 4030 564 4098 hu,
606 4046 646 4085 noe
658 4043 766 4094 mentoe,
778 4021 913 4082 πληθούσης
922 4016 1048 4090 τραπέζης,
1056 4031 1105 4085 11⁰-
