2736 4598
356 313 597 381 AENEIDOS
616 317 768 381 LIBER
791 317 854 386 XI.
1062 327 1123 414 257

82 445 171 507 Dant
183 441 296 505 sonitu
308 439 448 527 ingenti,
462 439 692 528 perfractaque
704 440 1012 530 quadrupedantum
1059 479 1061 482 ·
1081 478 1083 480 ·

82 539 221 612 Pectora
233 544 423 635 pectoribus
436 557 613 633 rumpunt:
628 569 781 612 excussus
795 552 972 632 Aconteus,
1082 567 1125 613 615

82 655 246 718 Fulminis
259 654 293 718 in
306 675 446 730 morem,
460 667 517 715 aut
528 668 693 716 tormento
706 653 863 741 ponderis
874 659 951 737 acti,

82 759 400 848 Praecipitatlonge,
411 772 443 822 et
455 758 555 821 vitam
568 743 726 846 dispergit
739 760 772 822 in
784 781 888 825 auras.

82 864 260 952 Extemplo
272 862 411 927 turbatae
423 864 523 941 aciae,
537 858 689 951 versique
702 865 810 927 Latini

83 971 252 1060 Rejiciunt
264 990 407 1057 parmas,
423 985 455 1031 et
468 991 571 1056 equos
584 967 625 1032 ad
638 969 758 1032 moenia
770 986 912 1035 vertunt.

83 1079 191 1142 Troes
202 1090 305 1162 agunt
317 1098 323 1137 :
337 1074 490 1161 princeps
503 1089 626 1138 turmas
640 1073 766 1138 inducit
778 1074 900 1162 Asylas.
1080 1094 1127 1142 620
1167 1121 1168 1124 κ

83 1186 228 1272 Jamque
240 1180 506 1270 propinquabant
518 1181 636 1268 portis,
650 1203 828 1270 rursusque
842 1183 949 1246 Latini

86 1291 274 1354 Clamorem
287 1286 420 1362 tollunt,
435 1303 468 1350 et
479 1285 589 1350 mollia
598 1286 685 1352 'colla
698 1287 890 1352 reflectunt:

85 1395 131 1458 Hi
144 1394 291 1481 fugiunt,
305 1392 504 1481 penitusque
519 1390 802 1456 datis'referuntur
812 1391 959 1459 habenis.

86 1500 201 1582 Qualis
215 1497 272 1562 ubi
284 1497 411 1563 alterno
423 1519 620 1586 procurrens
633 1500 760 1588 gurgite
772 1516 893 1588 pontus

85 1697 133 1760 jam
143 1697 214 1742 toties
224 1697 250 1740 in
265 1693 363 1740 eandem
374 1694 499 1741 lectionem
515 1699 646 1743 consentire
662 1697 769 1744 vidimus.
788 1700 853 1742 ruina
866 1697 931 1742 Dant
944 1701 1041 1744 sonitum
1052 1704 1134 1767 inqentt'

87 1769 174 1814 Monet.
185 1782 232 1813 sec.
244 1778 268 1812 et
277 1769 366 1829 quint„
380 1783 428 1830 quo
438 1769 545 1814 Heinsius
552 1769 684 1814 Mediceum
693 1768 798 1815 alludere
807 1769 938 1825 arbitratur,
951 1772 975 1815 in
985 1787 1033 1833 quo
1042 1779 1131 1822 ruinam

88 1852 111 1886 et
119 1843 226 1887 sonitum.
236 1838 382 1884 Probabilius
393 1851 435 1896 est,
442 1842 509 1884 istam
518 1841 692 1886 Moretanorum
700 1840 824 1886 lectionem
834 1841 962 1886 confectam
969 1857 1017 1888 esse
1026 1860 1053 1890 ex
1061 1849 1132 1894 simili

87 1909 169 1972 lapsu:
182 1912 254 1956 etiam
268 1910 329 1956 Gud.
344 1927 357 1955 a
371 1925 401 1954 nr.
414 1927 449 1972 pr.
460 1914 527 1956 ruina
542 1912 605 1956 Dant
618 1915 714 1956 sonitum
729 1915 848 1976 ingentem,
861 1923 884 1956 et
899 1914 965 1955 ruina
977 1913 1025 1958 Dat
1036 1920 1134 1963 sonitum

87 1982 196 2028 Parthas.
208 1984 305 2028 sortitam
316 1984 386 2028 etiam
395 1983 449 2026 Exc.
459 1983 537 2026 Burin.
549 1981 619 2040 Quod
628 1993 705 2026 autem
714 1981 744 2026 ad
753 1983 890 2028 sententiam
900 1976 1023 2028 verborum
1037 1989 1134 2044 attinet,

88 2053 159 2100 rideo
175 2055 259 2116 utique
276 2056 350 2116 accipi
364 2052 423 2108 hoc,
436 2054 506 2098 etiam
522 2069 534 2098 a
547 2054 695 2099 Burmanno:
708 2053 764 2097 daut
778 2056 878 2108 ruinam,
891 2052 915 2098 id
927 2064 972 2109 est,
984 2047 1071 2102 cadunt
1081 2073 1136 2104 cum

88 2139 175 2187 magno
187 2128 273 2171 sonitu.
286 2127 334 2170 Nec
344 2124 451 2169 dubitare
464 2123 531 2179 licet,
544 2124 598 2169 dure
607 2127 708 2184 ruitum,
718 2122 788 2186 vulgo
796 2117 828 2169 ita¹
838 2123 892 2169 dici.
905 2124 991 2169 Verum
1001 2124 1024 2170 b.
1037 2126 1137 2190 bsigni-

88 2197 184 2242 licatum
196 2197 260 2243 hunc
273 2194 359 2244 babere
371 2197 454 2258 nequit
459 2211 466 2250 ;
481 2198 573 2241 sienim
584 2211 647 2242 nunc
659 2207 758 2259 uterque
770 2195 869 2251 cadunt,
879 2197 983 2257 ineptum
999 2211 1069 2254 esset,
1081 2193 1135 2246 mox

88 2267 221 2312 Aconteuru
231 2282 351 2312 excussum
362 2267 502 2328 praecipitari
514 2283 535 2313 v.
551 2266 634 2311 615...
644 2265 697 2328 617.
714 2267 786 2327 lgitur
804 2268 880 2312 verius
898 2265 1020 2322 arbitror,
1029 2268 1093 2330 quod
1109 2273 1134 2315 in

90 2340 152 2383 notis
161 2341 242 2400 posui,
255 2353 303 2384 esse
320 2336 397 2399 simpl.
412 2353 455 2398 pro
469 2353 550 2392 ruere;
566 2339 659 2382 irruunt
672 2339 716 2384 viri
727 2350 809 2382 mutuo
824 2339 925 2399 impetu,
942 2351 965 2384 et
983 2338 1052 2386 hastis
1065 2340 1135 2388 elusis

89 2408 136 2468 ipsi
151 2407 349 2470 equi'conlligunt
364 2406 466 2453 adversis
482 2407 624 2469 pectoribus.
635 2433 666 2442 —
676 2406 729 2464 6er
746 2409 793 2452 Dat
808 2409 888 2453 Franc.
903 2407 1067 2472 praefractaque
1078 2424 1134 2458 vett.

91 2476 147 2522 edd.
159 2489 208 2524 tum
221 2478 289 2524 Aldd.
309 2491 332 2524 et
344 2477 399 2523 inde
414 2477 519 2540 vulgatae.
533 2477 692 2542 perfractaque
701 2495 729 2525 ex
741 2481 808 2524 lions.
823 2479 908 2524 Medic.
919 2492 942 2523 et
952 2479 1002 2525 aliis
1013 2485 1061 2544 jam
1074 2475 1136 2531 Pier.

91 2552 196 2605 notarit,
207 2562 268 2595 etex
277 2549 362 2595 Medic.
375 2565 388 2594 a
400 2564 431 2593 m.
442 2565 488 2595 sec.
499 2548 596 2611 aliisque
609 2550 723 2595 Heinsius.
734 2552 771 2594 Sic
782 2565 878 2611 quoque
887 2559 933 2594 tres
943 2550 1012 2594 Goth.
1024 2553 1136 2614 perfusa.

91 2635 136 2684 que
150 2638 164 2666 a
177 2637 209 2666 nr.
224 2638 259 2684 pr.
273 2623 359 2668 Medic.
376 2633 400 2666 et
411 2621 472 2665 Gud.
485 2620 630 2683 perfossaque
642 2633 696 2666 tert.
712 2622 796 2666 Maret.
805 2620 1011 2683 -quodripedautum
1024 2627 1137 2686 scriptum

91 2693 179 2752 passim
192 2695 217 2738 in
232 2692 300 2738 codd.
313 2695 387 2748 Pien,
399 2703 425 2737 ut
435 2693 459 2736 in
469 2693 548 2746 Rom,
558 2703 585 2736 ut
594 2703 617 2737 et
626 2689 689 2736 ilibi.
699 2693 819 2754 quadripes
829 2702 855 2736 ut
869 2681 1003 2756 quadrijugi.
1017 2693 1046 2737 cf.
1057 2697 1134 2738 Burm.

92 2761 124 2806 ad
132 2763 174 2817 xl,
188 2762 337 2824 875.-615.
345 2761 461 2826 Expulsus
471 2761 640 2822 bigot-616.
651 2764 753 2806 torruenti
761 2759 860 2812 Media,
872 2759 912 2824 sed
920 2775 932 2803 a
940 2776 970 2803 m.
979 2777 1014 2821 pr.
1027 2771 1068 2806 aut
1078 2771 1135 2810 torta

92 2833 164 2877 Goth.
177 2844 230 2878 tert.
242 2841 306 2878 actus
313 2834 374 2879 Gud.
385 2851 397 2878 a
407 2850 437 2878 m.
446 2847 481 2894 pr.
492 2843 515 2876 et
524 2848 560 2893 pr.
572 2831 663 2891 Menag.
673 2855 704 2865 -
713 2830 766 2890 617.
778 2829 886 2890 disparqit
895 2828 958 2872 Leid.
969 2833 1054 2892 sparqt't
1062 2833 1131 2878 Goth.

91 2917 131 2964 pr.
141 2913 164 2948 et
173 2902 216 2948 Ed.
228 2902 324 2948 Mediol.
334 2904 441 2966 disparsit
450 2901 510 2948 alter
518 2899 615 2947 Mentel.
627 2901 751 2962 dispersita
761 2913 790 2942 m.
803 2903 839 2958 prt
849 2897 909 2942 Gud.
918 2921 949 2932 -
958 2897 1011 2958 619.
1022 2897 1136 2962 Dejiciunt

92 2989 141 3020 sec.
157 2973 241 3020 Moret.
257 2973 345 3037 palmas
361 2974 431 3020 Goth.
446 2985 513 3028 tert,
527 2969 658 3034 perperam.
674 2971 725 3014 Mos
736 2972 761 3014 in
772 2968 824 3029 fuga
839 2967 927 3028 clipeos
938 2970 962 3013 in
974 2979 1064 3030 tergum
1079 2976 1136 3038 reji-

92 3042 174 3089 ciendi
184 3045 324 3091 notistimus.
335 3045 368 3090 ad
376 3061 406 3089 m.
417 3051 509 3088 versant
521 3041 580 3087 alter
593 3039 675 3084 Hamb.
692 3047 795 3102 torquent
804 3037 841 3082 ed.
851 3036 946 3082 Mediol.
956 3062 987 3073 -
994 3037 1046 3084 620.
1058 3039 1138 3089 inuasit

94 3125 154 3162 vett.
170 3114 239 3170 edd,
250 3115 315 3178 quod
332 3129 411 3161 tamen
429 3115 454 3160 in
466 3112 516 3158 solo
527 3111 619 3172 Menag.
634 3125 669 3172 pr.
683 3121 706 3154 et
721 3110 774 3153 Exc.
787 3109 878 3162 Burm.‚
895 3107 1006 3168 quodque
1015 3111 1098 3167 miror,
1111 3115 1137 3157 in

94 3183 232 3240 Colotiano‚
243 3186 386 3232 occurrebat.
397 3183 480 3229 inuadit
491 3181 556 3227 Leid.
566 3182 650 3226 Contra
661 3181 726 3224 llum.
737 3191 759 3224 et
769 3193 849 3223 omnes
859 3180 918 3222 Pier.
929 3177 1014 3223 Medic.
1026 3191 1049 3224 et
1057 3196 1137 3228 omnes

93 3255 190 3310 Heius,
200 3253 300 3300 Gothani
310 3271 417 3318 quoque,
430 3253 525 3306 inducat,
536 3251 654 3312 quod-jam
667 3248 719 3294 Ald.
736 3261 788 3294 tert.
807 3245 917 3292 exhibere
935 3249 1019 3308 erepit,
1035 3261 1058 3294 et
1072 3253 1137 3312 qnod

94 3327 166 3370 unice
180 3341 260 3370 verum
271 3343 276 3372 ε
288 3338 374 3372 turmas
383 3329 408 3372 in
416 3323 504 3371 bostem
514 3323 612 3368 inducit.
622 3319 719 3376 Asilius,
732 3316 819 3372 Asilius,
830 3315 929 3373 Asilius,
939 3319 1060 3376 aberratt.;
1070 3337 1137 3368 accc-

96 3397 133 3442 dit
144 3395 228 3443 asellam
237 3397 353 3444 librarius.
363 3399 389 3442 ln
399 3395 497 3458 Virgilio
505 3389 651 3442 est'Aaincr.
662 3417 693 3428 -
702 3391 756 3436 621.
765 3391 867 3453 versique
874 3389 963 3434 Pierius
970 3391 994 3435 iu
1001 3407 1040 3436 ora
1050 3391 1138 3439 codicis

96 3479 227 3516 notaverat.
237 3494 268 3505 -
278 3469 332 3526 624.
341 3468 489 3534 procumbens
500 3482 553 3531 pars
562 3465 631 3512 codd.
642 3465 720 3510 lleins.
734 3475 756 3510 et
769 3465 860 3517 Burun,
870 3471 919 3506 turn
930 3459 972 3506 Ed.
985 3463 1043 3508 Vcn.
1058 3465 1136 3509 Burin.

98 3628 161 3681 620.
178 3627 253 3681 Troes
266 3648 337 3681 nunc
348 3652 355 3680 z
368 3647 428 3680 mox
441 3629 520 3681 Tusci
530 3628 596 3696 629,
641 3644 700 3697 sqq.
710 3655 745 3663 -
754 3625 814 3676 622.
836 3619 904 3672 colla
923 3639 1052 3692 equorum
1065 3643 1071 3672 ι
1092 3625 1138 3692 qui

100 3708 228 3779 quoniam
240 3728 272 3761 ex
284 3723 396 3781 utraque
408 3721 485 3780 gente
498 3707 598 3776 equita·
642 3707 772 3776 quoniam*
791 3702 902 3766 domiti,
923 3714 952 3752 ut
969 3701 1048 3754 facile
1068 3701 1139 3753 flecti

100 3802 143 3839 tus
165 3789 322 3856 constabat,
342 3798 445 3861 agunt:
462 3803 551 3839 versos
564 3787 598 3848 ‚in
643 3798 755 3856 queant,
768 3781 830 3833 hinc
847 3781 916 3832 colla
928 3779 1036 3834 mollia:
1051 3794 1079 3832 ut
1090 3782 1137 3833 Ge.

102 3871 195 3940 fugam
205 3869 360 3942 impellunt,
371 3879 400 3920 ut
410 3885 490 3937 supra
499 3867 531 3932 V,
543 3863 602 3924 265.
644 3867 695 3926 lll,
708 3863 765 3928 204.
773 3859 849 3912 molli
856 3859 923 3912 collo
931 3883 940 3922 ,·
948 3873 974 3913 et
984 3859 1076 3912 mollia
1083 3879 1141 3912 cru·

100 3947 158 3999 rid.
175 3949 262 3999 Burni.
276 3948 383 4020 Aspice,
400 3949 446 4016 qui
458 3947 517 3998 Pisa
529 3947 607 3996 Etru·
647 3961 676 3992 ra
686 3941 751 4010 ibid.
764 3959 788 3990 v.
801 3941 842 4009 76.
852 3941 945 4008 -624
956 3958 1015 4012 sqq.
1029 3941 1142 4009 Compa-

102 4028 153 4080 'riae
164 4030 257 4099 copias
268 4028 430 4082 adduxerat:
441 4043 499 4098 sup.
511 4025 549 4096 X,
560 4023 608 4096 175
644 4023 717 4075 'ratio
728 4019 892 4094 praeclareat
903 4022 1086 4095 ornatissima:
1101 4019 1144 4092 cui

180 4114 207 4180 t·
945 4125 975 4179 ¹7
