2724 4600
239 301 299 381 ,66
482 299 517 361 r.
540 294 771 360 vrnornu
793 296 1022 365 6660666

233 428 275 491 At
286 422 406 512 primas
417 423 490 487 laeta
501 438 576 486 ante
588 422 674 486 acies
686 419 823 486 exsultat
834 422 954 510 imago,

234 531 416 618 inritatque
428 529 534 592 virum
547 527 635 606 telis,
649 543 682 590 et
693 549 774 592 voce
786 526 923 592 lacessit.
1345 541 1351 631 ,⁴

234 635 337 699 Instat
348 633 401 698 cui
413 634 561 712 Turnus,
575 630 834 721 stridentemque
847 633 975 699 eminus
986 631 1114 700 hastam
1223 648 1264 706 666

234 740 388 830 Conjici13
401 737 456 802 illa
468 736 544 803 dato
556 737 654 802 vertit
665 738 799 826 vestigia
811 754 913 827 tergo.

1347 759 1350 792 l

234 848 322 910 Turn
334 866 412 908 vero
424 845 548 908 AEnean
559 865 711 908 aversum
722 859 759 906 ut
770 842 888 908 cedere
900 845 1033 909 Turnus
1349 873 1352 962 4

234 947 396 1028 Credidit,
409 965 508 1038 atque
519 949 629 1013 animo
642 971 734 1036 spem
746 947 897 1013 turbidus
908 948 1017 1014 hausit
1028 949 1179 1014 inanem:
1348 963 1353 1088 4

237 1086 250 1116 6
261 1057 336 1137 Quo
349 1053 448 1141 fugis,
462 1055 581 1117 AEnea?
592 1053 752 1118 thalamos
764 1076 806 1117 ne
819 1051 933 1118 desere
945 1070 1077 1142 pactos:

233 1161 303 1224 Hac
315 1156 447 1222 dabitur
458 1156 569 1236 dextra
582 1156 678 1222 tellus
690 1158 825 1246 quaesita
836 1181 898 1246 per
908 1156 1046 1222 undas.»
1145 1201 1147 1206 -
1224 1171 1266 1220 650
1346 1105 1354 1257 4

230 1265 324 1330 Talia
336 1263 518 1328 vociferans
531 1263 693 1351 sequitur,
707 1264 922 1352 strictumque
935 1279 1084 1330 coruscat
1348 1280 1354 1401 4

231 1373 442 1446 Μ666ο6666;
456 1389 517 1431 666
530 1367 615 1431 ferre
627 1366 718 1431 videt
729 1367 918 1455 sua'gaudia
929 1386 1054 1434 ventos.

231 1479 329 1540 Forte
342 1472 418 1536 ratis
431 1471 509 1536 celsi
520 1471 695 1561 conjuncta
708 1471 876 1560 crepidine
888 1474 956 1538 saxi

231 1577 393 1667 Expositis
406 1575 510 1640 stabat
521 1577 629 1655 scalis,
644 1594 677 1640 et
687 1594 789 1664 ponte
801 1595 930 1666 parato,

229 1685 302 1768 Qua
314 1705 371 1746 rex
383 1680 523 1745 Clusinis
534 1680 691 1745 advectus
703 1682 836 1748 Osinius
849 1685 925 1749 oris.
1226 1698 1265 1745 655
1351 1715 1354 1748 ·,

230 1792 306 1854 Huc
318 1809 389 1852 sese
401 1783 529 1873 trepida
542 1787 650 1849 AEneae
662 1787 818 1873 fugientis
831 1790 939 1877 imago
1349 1765 1355 1859 1

231 1894 372 1985 Coujicit
383 1892 417 1965 in
429 1889 587 1954 latebras:
603 1911 665 1954 nec
676 1892 809 1954 Turnus
822 1894 954 1979 segnior
964 1895 1078 1976 instat;
1348 1862 1355 2004 4

231 2004 478 2087 Exsuperatque
491 2019 612 2074 moras,
627 2013 659 2059 et
670 1996 780 2083 pontis
793 1995 934 2060 transilit
945 1997 1037 2062 altos.

229 2108 293 2171 Vix
304 2125 436 2193 proram
447 2100 622 2188 adtigeram
634 2103 758 2188 rumpit
771 2101 921 2166 Saturnia
932 2102 1060 2182 funem,

231 2212 451 2296 Avolsamque
463 2207 548 2293 rapit
560 2207 708 2270 revoluta
720 2229 780 2295 per
791 2229 924 2296 aequora
935 2231 1062 2273 navem.
1227 2225 1269 2272 660

262 2377 315 2435 643,
333 2376 383 2420 Aut
398 2390 422 2437 p.
437 2373 526 2418 zulich.
545 2386 568 2419 66
582 2373 624 2418 Ed.
639 2375 703 2419 lunt.
724 2374 927 2422 1660066111-
944 2374 997 2432 644.
1014 2391 1041 2422 ac
1056 2391 1109 2422 voce
1122 2377 1215 2442 Menag.
1232 2397 1267 2442 pr.

232 2463 255 2498 66
267 2448 336 2494 Goth.
354 2458 407 2491 tert.
421 2452 462 2489 aut
479 2443 569 2506 aliquot
582 2446 706 2489 Burmann.
722 2471 753 2481 -
763 2446 817 2503 645.
835 2463 914 2493 versus
929 2448 1010 2494 deerat
1025 2448 1094 2493 Goth.
1107 2460 1160 2494 tert.
1173 2476 1204 2486 -
1216 2450 1269 2514 647.
1349 2475 1355 2496 ›

230 2535 320 2566 versum
336 2517 425 2561 AErtean
441 2517 516 2575 Sprot.
534 2526 558 2559 et
575 2514 702 2570 Montalh.,
722 2531 766 2562 nec
784 2516 854 2563 male.
875 2519 963 2562 AEnean
985 2532 1073 2563 versum
1093 2519 1193 2566 incedere
1214 2521 1272 2567 61666
1348 2513 1356 2600 4

229 2591 322 2649 616664.
337 2587 432 2630 AEnenm
440 2585 560 2628 adversum
573 2583 662 2629 zulich.
678 2598 702 2631 et
713 2585 755 2630 Ed.
768 2587 793 2630 P.
805 2586 897 2632 Daniel.
914 2603 965 2632 cunr
983 2587 1051 2633 Goth.
1067 2599 1121 2633 tert.
1141 2589 1182 2634 6661
1194 2591 1271 2636 cedere
1354 2607 1355 2614 ¹

230 2657 336 2705 Parthas.
348 2680 379 2690 -
391 2653 445 2699 656.
458 2661 484 2698 ut
490 2653 556 2716 ferre
569 2655 650 2699 Franc.
664 2679 695 2690 —-
706 2655 759 2701 653.
772 2660 824 2701 saxi
835 2683 866 2691 -
879 2655 934 2702 celsi
947 2657 1016 2702 Goth.
1028 2669 1081 2704 tert.
1093 2658 1272 2722 -65416660-
1354 2669 1355 2677 ¹

230 2733 278 2776 sitt's
289 2728 379 2788 liugen.
393 2733 460 2787 ponte
470 2731 561 2786 peracto
570 2723 640 2770 Goth.
652 2737 705 2770 tert.
716 2752 747 2760 -
756 2725 809 2772 655.
824 2725 927 2772 ctustuts
937 2727 1023 2772 Medic.
1036 2743 1048 2772 6
1061 2726 1150 2775 66666.
1165 2727 1273 2774 01666661-
1352 2696 1356 2754 l

230 2804 265 2846 6666
276 2798 316 2844 Ed.
332 2813 367 2858 pr.
380 2797 458 2840 Burm.
469 2795 578 2852 adventus
590 2796 649 2841 Ven.
667 2797 765 2842 Osimius
777 2797 873 2842 Oudart.
884 2799 970 2862 Ostia'us
982 2797 1050 2844 Goth.
1062 2814 1122 2854 sec..
1134 2800 1273 2862 6166466611-

229 2883 288 2934 quot
298 2870 359 2914 Pier.
372 2883 423 2912 cum
434 2868 499 2911 llom.
512 2867 595 2911 Osinus
606 2868 687 2912 Franc.
697 2869 788 2914 Om'sius
799 2871 872 2930 bigot.
885 2886 927 2931 pro
937 2885 984 2916 var.
997 2868 1050 2914 1666.
1065 2872 1151 2932 lneptit
1163 2873 1272 2926 Servius,

166 2963 168 2967 v
230 2943 272 3006 qui
285 2940 407 2984 Massicum
420 2937 532 2981 Osimium
546 2935 601 2982 hinc
620 2939 745 3000 exsculpit,
765 2951 788 2985 et
803 2939 969 2986 Grammaticus
987 2938 1050 3001 apud
1067 2940 1171 2985 Macroh.
1184 2942 1214 2997 V,
1233 2942 1273 2996 15,

229 3029 253 3076 p.
270 3009 327 3066 532,
337 3010 377 3071 qui
387 3007 436 3052 haec
444 3007 603 3070 reprehendit.
612 3035 643 3044 -
652 3009 706 3054 656.
718 3011 776 3056 Huic
786 3011 871 3056 Medic.
882 3012 960 3056 AEneoe
970 3011 1055 3074 trepidi
1062 3009 1113 3054 hld.
1124 3028 1160 3072 pr.
1170 3025 1193 3058 66
1201 3010 1272 3056 Goth.

229 3097 265 3143 pr.
279 3078 387 3142 trepidam
396 3077 473 3122 AEneoe
484 3075 542 3121 alter
554 3077 635 3122 llamb.
645 3105 676 3114 —
687 3079 740 3140 657.
751 3083 773 3124 in
783 3079 883 3125 tenebras
895 3081 985 3141 Hagen.
999 3083 1021 3123 in
1031 3077 1119 3123 latebris
1132 3095 1168 3139 pr.
1178 3081 1273 3142 Menag.
1349 3073 1357 3198 4

229 3149 337 3196 Latebms
348 3164 390 3210 pro
402 3147 493 3210 refugio
503 3148 568 3193 dixit.
582 3152 670 3212 sequius
681 3148 739 3195 alter
752 3149 832 3195 llamb.
841 3173 872 3184 -
883 3147 936 3210 659⁴.
951 3152 1012 3209 rupit
1021 3147 1110 3208 aliquot
1121 3149 1203 3204 Heius.
1220 3167 1274 3196 cum

228 3217 297 3263 Goth.
308 3234 344 3279 pr.
354 3218 434 3278 sicque
447 3215 501 3260 66161.
514 3216 577 3277 apud
588 3218 648 3262 Pier.
664 3229 687 3264 et
699 3219 764 3263 Rom.
777 3243 807 3254 —
818 3218 871 3263 660.
883 3216 992 3262 Avolsam
1003 3227 1027 3260 et
1038 3213 1164 3260 Adoulsam
1173 3220 1199 3262 in
1209 3221 1272 3265 Pier.
1352 3232 1358 3354 Ι

229 3376 266 3386 -
281 3344 329 3396 636
342 3344 510 3398 observatum
523 3348 661 3399 Macrobio
673 3350 726 3414 Vl,
771 3365 798 3399 se
817 3349 887 3398 ferro
910 3346 1003 3414 attingi
1023 3362 1103 3415 posse
1123 3348 1270 3417 gaudebat.
1357 3359 1358 3398 1

233 3442 262 3489 6,
278 3442 306 3493 p.
321 3422 370 3491 577
383 3423 454 3493 Lips.
467 3455 503 3464 -
514 3426 574 3492 648.
590 3427 725 3490 turbidus,
805 3424 865 3477 653.
885 3423 977 3476 Stabat
996 3425 1065 3477 forte
1082 3429 1158 3478 navis
1174 3432 1212 3482 ita
1223 3431 1272 3482 atl-

157 3497 159 3503 ’
229 3515 348 3563 tumens,
360 3500 445 3551 elatus
464 3505 629 3573 arrogantia,
641 3505 727 3572 inquit
771 3519 843 3556 mota
855 3503 926 3555 litori
939 3523 1047 3570 saxoso,
1060 3520 1089 3556 ut
1101 3526 1170 3579 pons
1184 3512 1273 3582 appli-

230 3581 302 3634 Serv.
312 3579 484 3630 Perturbatur
491 3581 591 3634 scilicet
601 3600 673 3634 mens
684 3599 726 3632 su·
771 3585 838 3636 citus
845 3597 923 3636 esset.
934 3586 1039 3655 crepido
1048 3587 1121 3651 saxi,
1132 3603 1225 3642 ornate
1236 3589 1270 3642 de
1355 3639 1356 3642 ,

228 3658 723 3731 perbientistumore,ira,spe‚metu.
769 3663 860 3732 litore,
881 3677 1011 3735 quatenus
1030 3668 1135 3718 eminet.
1156 3687 1219 3734 rex,
1238 3687 1271 3720 ex

228 3769 264 3779 -
279 3737 338 3790 652.
363 3756 412 3789 nec
437 3742 515 3791 sentit
540 3754 566 3792 et
587 3739 724 3811 intelligit,
770 3761 844 3796 more
856 3747 951 3796 veteris
965 3747 1012 3796 ari
1024 3763 1073 3816 pro
1085 3747 1142 3797 viro
1155 3765 1187 3798 ex
1199 3750 1270 3819 prin-
1358 3805 1359 3822 ἢ

230 3835 304 3869 suam
325 3815 512 3869 exultationem
535 3838 591 3872 esse
611 3822 724 3871 inanem.
771 3823 888 3894 cipibus:
898 3837 943 3876 aut
951 3826 994 3876 fac
1004 3825 1085 3877 fuisse
1094 3825 1200 3878 Lartem
1209 3826 1271 3877 Clu·
1356 3823 1359 3932 4

228 3893 368 3966 Loquendi
389 3897 457 3946 ratio
472 3900 559 3967 poetis
576 3916 630 3949 non
646 3899 726 3949 infre·
771 3902 905 3969 tinorum,
915 3904 964 3955 suh
974 3903 1180 3970 Massico,duce
1188 3905 1267 3955 totius
1358 3933 1359 3936 ¹

230 3973 581 4047 quensNisirnavispaudia
591 3976 726 4030 essedicta
771 3984 890 4052 agminis.
911 3985 945 4035 cf.
965 4003 989 4034 v.
1014 3984 1075 4049 666,
1088 3997 1114 4036 66
1125 3983 1186 4036 Ε66.
1199 3985 1219 4034 1.
1232 4011 1270 4024 -
1357 4009 1359 4048 l

227 4071 277 4128 pro
293 4055 351 4124 ipso
366 4052 522 4121 simulacro,
536 4055 610 4126 quod
622 4074 692 4108 nunc
710 4075 726 4108 a
770 4060 830 4114 660.
853 4080 958 4134 equora
984 4061 1100 4114 revoluta
1110 4100 1121 4129 ‚
1145 4063 1179 4116 de
1202 4062 1266 4115 1166-
1358 4061 1359 4074 ’
