2736 4598
359 293 595 360 nuarnos
619 299 773 362 arnan
795 303 858 366 xr.
1064 311 1154 393 att-f
1179 385 1181 390 Ι
1209 387 1235 396 ..
1333 345 1335 349 ,

86 417 291 483 Dardanium
306 421 444 498 AEnean,
459 443 685 509 generumque
697 421 872 488 adsciverit
883 425 967 504 urbi.

64 575 68 584 .
86 525 290 590 Praefodiunt
302 525 356 589 alii
368 542 493 612 portas,
507 543 563 590 aut
574 549 647 590 saxa
660 526 826 618 sudesque

85 630 287 697 Subvectant
299 655 305 693 :
318 630 408 695 bello
421 631 476 696 dat
489 633 618 719 siguum
630 655 728 698 rauca
739 653 914 702 cruentum

85 724 246 801 Buccina:
262 753 332 801 tum
344 759 457 801 muros
469 739 558 801 varia
569 739 700 802 cinxere
713 763 836 804 corona
920 793 924 808 .

86 845 248 906 Matronae
260 845 439 931 puerique3
454 861 549 910 vocat
562 843 654 908 labor
665 845 800 911 ultimus
813 849 930 912 omnis.

86 951 113 1010 N
117 972 154 1014 ec
167 972 235 1012 non
247 949 289 1013 ad
303 950 478 1037 templum,
492 972 702 1040 summasque
715 950 757 1015 ad
770 952 911 1018 Palladis
923 977 1013 1022 arces

86 1055 288 1120 Subvehitur
299 1079 417 1143 magna
429 1072 571 1120 matrum
583 1058 697 1144 regina
708 1074 850 1136 caterva,
881 1089 886 1096 ·

86 1164 182 1226 Dona
194 1161 321 1242 ferens3
328 1161 488 1250 juxtaque
501 1185 612 1227 comes
624 1164 760 1228 Lavinia
772 1165 878 1251 virgo,

87 1269 209 1332 Caussa
221 1266 299 1332 mali
311 1261 406 1347 tanti,
421 1269 535 1334 oculos
548 1268 675 1358 dejecta
683 1267 836 1334 decoros.
918 1285 921 1292 '

86 1373 275 1439 Succedunt
285 1391 420 1453 matres,
436 1390 468 1439 et
479 1375 642 1462 templum
654 1392 727 1439 ture
739 1393 913 1466 vaporant;

114 1587 169 1650 472.
179 1603 331 1652 qeaerumque
341 1590 462 1652 adscioerit
472 1589 530 1648 urbi.
541 1593 581 1636 Sic
589 1603 722 1636 constanter·
729 1590 815 1653 legitur
823 1603 847 1636 et
855 1588 1011 1652 distinguitur.
1019 1591 1067 1638 Erit
1077 1593 1136 1641 adeo

86 1657 149 1714 urbi,
159 1661 184 1704 in
193 1659 258 1706 urbis
268 1675 295 1704 ac
304 1662 370 1720 regni
380 1659 513 1705 utilitatem.
524 1661 606 1706 Parum
617 1661 747 1707 commode.
760 1664 870 1723 Suspicor
883 1661 953 1707 luisse
966 1666 1008 1726 qut'
1016 1679 1061 1710 aon
1071 1681 1137 1712 acce·

84 1734 144 1793 perr'l
152 1729 214 1777 albu
228 1732 369 1778 Dardanium
378 1732 467 1778 AEnean
476 1747 627 1796 qerserumque
637 1734 774 1784 adsciverit:
784 1732 846 1777 urbas
856 1734 997 1795 Praefbdt'tmt
1004 1733 1046 1780 alit'
1051 1746 1136 1798 portas.

83 1805 122 1848 Sic
132 1805 214 1865 utique
223 1799 301 1850 lenior
314 1803 423 1864 procedit
439 1806 522 1849 oratio.
537 1829 570 1840 --¹
581 1802 635 1865 473.
650 1803 784 1866 Perfodt'uut
797 1814 844 1848 tres
858 1819 895 1864 ap.
906 1804 984 1849 Burin.
998 1821 1025 1850 ac
1034 1821 1054 1850 s.
1066 1806 1135 1853 Goth.

84 1887 140 1920 tert.
150 1899 182 1909 -
190 1873 244 1936 474.
258 1873 385 1938 Subjr'cr'unt
394 1875 450 1921 lect.
459 1877 551 1922 varians
561 1887 618 1921 vett.
631 1874 686 1919 edd.
697 1874 819 1935 adscripta.
832 1891 902 1936 quarn
913 1875 1017 1922 Catroeus
1030 1881 1120 1938 recepit
1131 1896 1136 1924 :

85 1947 176 1993 scilicet
186 1946 290 1994 deterius
303 1963 348 2009 pro
362 1949 520 2011 exquisitiore.
536 1945 600 1993 Bello
608 1951 697 2010 siquam
706 1948 746 1991 dat
755 1947 839 1991 Moret.
848 1962 888 2007 qu.
899 1971 932 1980 -
943 1945 996 2007 475.
1010 1949 1073 1993 Tunc
1083 1963 1136 1996 ante

85 2021 168 2065 Heius.
181 2018 260 2081 vulgg.
273 2045 304 2056 -
316 2019 369 2082 476.
387 2019 450 2065 labor
461 2028 526 2064 vocat
536 2018 656 2072 Perrhae,
667 2021 748 2080 sicque
758 2017 874 2078 Cuninqh.
886 2016 967 2062 edidit.
980 2041 1011 2052 -
1022 2019 1075 2081 477.
1088 2023 1137 2068 Nec

85 2103 131 2133 non
149 2098 173 2134 et
185 2088 251 2134 Leid.
268 2105 405 2154 muqnusqus
418 2090 449 2135 ad
462 2088 500 2134 ed.
515 2105 551 2150 pr.
566 2091 644 2134 Burro.
658 2113 690 2124 -
703 2083 756 2149 478.
771 2101 853 2132 corona
867 2097 920 2130 tert.
935 2085 1020 2142 corn,
1034 2087 1075 2133 sed
1095 2104 1137 2134 cn-

87 2160 190 2204 terrain
204 2173 276 2221 marg.
293 2185 327 2199 ›-
342 2160 395 2217 480.
412 2160 498 2205 Caussa
514 2157 569 2205 mali
585 2160 641 2203 tanti
654 2167 722 2221 atque
738 2155 813 2204 oculos
831 2167 887 2202 vett.
906 2154 960 2199 edd.
980 2167 1015 2210 et,
1033 2161 1137 2219 quamvis

86 2230 177 2275 Pierius
189 2229 333 2291 ejiciendum
351 2225 377 2276 sl
391 2240 459 2294 atque
474 2241 611 2284 monuerat,
626 2231 696 2274 etiam
710 2243 775 2290 seqq.
786 2226 863 2289 vulgq.
878 2227 959 2288 ltaque
977 2227 1085 2274 Heinsius
1097 2244 1136 2274 ex·

85 2303 147 2366 pulit
161 2304 291 2349 secundum
304 2303 374 2349 codd.
390 2303 497 2359 liiaturn,
511 2317 582 2364 quem
597 2303 665 2348 toties
679 2299 767 2346 librarii
781 2300 843 2346 ferra
860 2301 999 2361 nequivere,
1013 2299 1135 2362 explevere

85 2375 201 2423 Montalb.
213 2389 236 2422 et
250 2376 354 2422 Parrhas.
371 2379 478 2439 tantique.
495 2375 610 2436 Majorem
622 2374 792 2419 dubitationem
803 2373 870 2428 facit,
880 2372 945 2434 quod
954 2374 979 2416 in
990 2374 1055 2417 Rom.
1071 2387 1135 2420 erat:

85 2451 173 2495 Caussa
182 2445 247 2492 mulis
259 2451 341 2492 tantis.-
356 2449 388 2493 sic
401 2448 506 2491 Donatus
521 2457 544 2490 et
555 2460 616 2508 pars.
631 2443 701 2490 codd.
717 2445 796 2489 ileins.
806 2457 859 2488 cunr
869 2443 942 2504 Regio
953 2454 976 2486 et
989 2443 1059 2488 Goth.
1074 2455 1138 2500 tert,

85 2536 131 2566 nec
145 2511 203 2566 vero
214 2518 281 2565 aliter
290 2519 335 2564 fuit
348 2521 373 2564 in
385 2517 458 2573 libro,
470 2517 535 2562 unde
546 2515 666 2562 Mediceus
678 2509 808 2577 descriptus
824 2526 885 2568 erat,
900 2527 952 2559 nam
967 2515 992 2558 in
1008 2513 1053 2560 boc
1069 2529 1081 2558 a
1100 2531 1136 2577 pr.

86 2605 117 2634 rn.
133 2590 211 2636 luerat
224 2605 229 2634 t
241 2587 298 2634 matt
310 2591 386 2633 tantis.
401 2588 483 2650 ltaque
497 2589 599 2634 rationes
619 2590 724 2648 potiores
736 2587 871 2648 conspirant
888 2585 988 2642 iubos,
1001 2588 1112 2647 scriptum
1123 2602 1137 2631 a

85 2661 183 2706 Marone
198 2659 269 2704 fuisse
281 2675 286 2703 :
301 2659 386 2703 Caussa
404 2657 469 2703 malis
486 2661 554 2702 tantis
571 2655 647 2704 oculos
665 2657 687 2702 d.
704 2656 808 2702 Tandem
829 2653 982 2716 Cuninqbam.
999 2653 1138 2699 emendabat

88 2733 156 2775 Tanti
164 2744 247 2775 caussa
256 2726 316 2774 mali.
327 2728 373 2774 Sed
382 2739 475 2791 poetam
485 2726 584 2773 dedecet
593 2742 685 2789 semper
699 2726 794 2771 eosdem
803 2738 913 2770 numeros
927 2723 1018 2770 sectari.
1031 2720 1102 2767 ocub's
1113 2723 1136 2768 d.

87 2801 173 2846 decoris
182 2815 230 2846 sec.
242 2799 352 2846 llottend.
366 2799 442 2845 oculos
455 2800 477 2845 d.
491 2799 581 2844 decores
593 2797 633 2843 alt.
645 2799 753 2843 Voss—
761 2797 814 2854 481.
829 2803 880 2839 tura
888 2792 986 2839 Mentel.
999 2808 1036 2853 pr.

84 2974 184 3045 iaspis,
197 2974 236 3029 bri
247 2972 335 3041 οτιῦχιι
347 2975 371 3026 d'
385 2975 511 3030 iscariotae.
522 2978 591 3028 Turn
637 2974 747 3046 quodin
762 2974 813 3026 hac
826 2973 973 3023 imitatione
985 2986 1040 3020 non
1053 2971 1138 3018 anim-

84 3057 136 3124 471
150 3055 212 3107 urbi
223 3057 273 3107 erit
282 3057 310 3106 in
322 3055 410 3121 urbis,
423 3057 511 3128 regni,
522 3055 591 3106 utili·
636 3056 765 3118 advertit,
778 3052 912 3105 Palladem
924 3053 980 3119 jam
993 3060 1048 3098 turn
1059 3047 1137 3100 colia

87 3149 179 3189 tatem.
635 3132 813 3186 Laurentibus
825 3129 896 3182 haud
911 3128 1044 3198 potuisse,
1057 3143 1138 3196 quam

121 3215 184 3285 473.
197 3214 266 3268 Ante
275 3227 368 3285 portas
378 3218 466 3268 fossas
478 3216 590 3279 faciunt,
636 3215 767 3282 Troianos
788 3211 904 3281 primum
923 3205 1044 3258 intulisse
1066 3225 1138 3258 com-

84 3309 115 3354 ‹ut
126 3297 197 3350 bene
205 3297 325 3362 Servius,
339 3310 365 3348 et
376 3296 476 3350 vallum
490 3296 592 3348 ducunt
636 3293 724 3344 munis
736 3293 809 3344 lama
821 3287 1052 3356 obtinuit-478.
1070 3286 1138 3338 Sub-

85 3377 168 3440 susis,
179 3376 370 3448 stipitibusque
380 3377 462 3430 humo
475 3389 590 3448 aggesta.
636 3373 758 3431 velillum·
774 3389 857 3440 supra
880 3370 959 3433 vlu,
984 3368 1036 3420 666
1064 3379 1138 3422 custoe

82 3458 178 3522 Quum
194 3469 283 3510 autem
295 3476 337 3509 res
350 3457 386 3509 ad
400 3476 532 3510 summurn
541 3457 593 3508 dis·
636 3453 767 3506 ducebant
782 3468 854 3501 sacra
871 3465 919 3515 per
929 3448 1017 3500 urbem
1030 3447 1137 3500 Pilentis

86 3538 190 3590 crimen
203 3536 414 3604 adducturam,
428 3535 517 3608 (labor
528 3535 591 3588 ulti·
637 3544 730 3586 matres
747 3531 774 3582 in
787 3527 918 3582 mollibus.
930 3559 965 3568 -
977 3527 1038 3597 479.
1051 3529 1137 3579 Dona.

87 3633 146 3668 mus
162 3626 239 3670 vocat
255 3615 362 3687 omnes)
382 3618 549 3687 procurritur
565 3617 593 3666 in
637 3617 778 3685 Perperam
790 3609 900 3681 peplum
913 3627 943 3662 ex
955 3609 1072 3660 Homero
1086 3606 1139 3660 huc

85 3713 197 3760 mutos,
214 3707 244 3746 ut
254 3695 357 3764 Trojm,
374 3712 455 3765 quum
473 3692 591 3764 pralium
638 3705 752 3756 vocant,
765 3692 851 3742 Poetae
867 3705 950 3760 genus
967 3705 1067 3759 ponere
1082 3686 1141 3760 pla-

88 3773 384 3844 cumdclrivispropius
390 3773 450 3824 urbi
457 3772 594 3824 admotum
639 3775 703 3824 cuit.
713 3770 817 3835 -rlsso
834 3767 886 3820 ω’
905 3767 1003 3832 ὅμμισιι
1016 3763 1081 3818 asaal
1092 3767 1142 3826 ,da-

88 3868 168 3920 csset‚
176 3856 344 3908 factumesse
355 3865 446 3913 narrat
455 3854 593 3927 Homerus·
639 3849 819 3910 asies30trulis
827 3844 1099 3916 dejectistldluhnlt.
1107 3843 1143 3896 ad

87 3937 349 4006 —477.Manifesta
357 3937 470 4005 vestigia
479 3932 556 3986 iliad.
566 3935 593 4000 ξ,
640 3932 672 3982 Η.
687 3933 714 3981 in
725 3929 785 3982 Ger.
802 3928 859 3998 ¹94·
875 3927 980 3994 -481,
998 3924 1143 3976 Succedunt

87 4016 123 4069 86
131 4035 192 4088 sqq.
202 4015 254 4085 269
264 4033 322 4087 sqq.
331 4013 402 4067 Illud
409 4027 498 4067 autem
504 4004 595 4084 ‘miron
642 4029 679 4064 sc.-
687 4009 817 4081 templum
824 4011 938 4071 intrant,
949 4017 978 4060 ut
989 4005 1058 4058 bene
1068 4001 1138 4054 serv.

305 4131 308 4136 ·
392 4089 395 4096 ¹
920 4093 959 4146 rs.
