2736 4598
239 281 302 346 228
482 278 517 340 P.
542 275 776 339 VIRGILII
797 275 1028 342 MARONIS

237 405 350 492 Spem,
364 402 390 466 si
404 423 503 490 quam
514 397 647 464 adscitis
660 397 805 462 AEtolum
817 396 978 464 habuistis
990 401 1024 462 in
1035 401 1150 482 armis,

236 511 353 574 Ponite
363 531 370 569 ι
382 529 457 595 spes
467 505 529 569 sibi
540 505 698 593 quisque3
710 500 769 567 sed
779 501 865 583 haec,
879 525 979 592 quam
988 522 1140 592 angusta,
1154 505 1285 572 videtis.

237 619 352 681 Cetera
366 636 430 702 qun
443 635 554 676 rerum
562 611 693 700 jaceant
704 609 856 696 perculsa
869 609 977 688 ruina,
1239 625 1287 672 310

236 727 322 789 Ante
334 720 462 798 oculos,
476 721 628 807 interque
640 738 756 780 manus
771 733 847 780 sunt
860 718 970 780 omnia
981 735 1120 799 vestram

236 833 306 895 Nec
319 849 520 918 quemquam
532 826 648 889 incuso
660 847 667 887 ε
681 823 788 910 potuit
800 844 875 910 quae
886 821 1028 911 plurima
1040 824 1145 888 virtus

168 929 170 936 ’
235 939 331 1015 Esse,
344 935 422 1013 fuit3
435 947 505 996 toto
518 945 678 996 certatum
691 945 740 992 est
754 950 892 1015 corpore
905 929 1009 1015 regni.

234 1045 332 1106 Nunc
343 1036 441 1116 adeo,
456 1057 529 1124 quae
541 1035 583 1098 sit
595 1032 704 1098 duhiae
717 1034 877 1097 sententio
889 1033 1007 1111 menti,

235 1145 436 1236 Expediam,
445 1157 478 1206 et
490 1139 756 1228 paucis,animos
768 1137 937 1218 adhibete,
953 1137 1091 1204 docebo.
1238 1153 1281 1200 315

235 1256 295 1320 Est
305 1251 460 1339 antiquus
472 1269 550 1334 ager
561 1247 672 1312 Tusco
684 1243 766 1309 mihi
778 1245 947 1333 proximus
959 1245 1061 1323 amni,

235 1464 289 1498 tert.
304 1463 328 1496 et
338 1450 415 1494 Acron
424 1447 455 1492 ad
464 1447 544 1491 Horat.
553 1471 585 1482 -
596 1444 649 1492 308.
662 1445 752 1489 adscitis
762 1459 774 1490 e
784 1445 850 1489 Rom.
861 1443 948 1490 Medic.
960 1456 982 1490 et
992 1447 1075 1490 ceteris
1084 1447 1283 1505 praestantioribus

234 1522 344 1568 Heinsius
358 1521 475 1580 reposuit,
488 1532 531 1578 pro
543 1515 605 1578 vulg.
623 1517 708 1560 aecius.
725 1513 787 1560 conf.
800 1513 841 1558 inl.
859 1531 881 1561 v.
896 1514 950 1577 473.
962 1515 1016 1570 xll,
1029 1514 1066 1560 38.
1077 1538 1109 1549 —
1119 1513 1172 1576 309.
1188 1517 1284 1562 Veteres

235 1591 384 1636 Grammatici
394 1589 499 1644 Servius,
511 1589 628 1640 Donatus,
638 1586 781 1639 Priscianus,
791 1585 924 1630 Marcianus
938 1583 1033 1647 Capella
1045 1584 1190 1632 distinxere:
1207 1585 1284 1632 Ponite

234 1677 286 1724 spes
296 1661 456 1725 siliquisque:
468 1671 495 1705 ut
507 1661 547 1713 sit,
560 1657 668 1718 deponite.
683 1653 729 1699 Sed
742 1653 826 1700 melior
840 1657 999 1716 interpunctio
1013 1659 1061 1718 jam
1077 1659 1208 1718 antiquitus
1224 1657 1284 1703 obti-

234 1733 301 1777 nuit:
314 1745 357 1776 nec
372 1729 440 1776 aliter
451 1729 596 1790 Apronianus
608 1725 720 1779 instituit,
738 1723 812 1786 idque
828 1738 958 1788 sequuntur
974 1737 1030 1772 vctt.
1047 1725 1101 1771 edd.
1118 1727 1191 1785 Quod
1208 1726 1283 1772 facere

233 1812 326 1862 prestat
338 1802 406 1846 etiarn
423 1810 559 1860 propterea,
576 1807 602 1839 ιιι
620 1795 691 1839 breve
704 1805 795 1855 tempus
807 1808 898 1841 constet
913 1795 1001 1842 ultimae
1017 1799 1042 1840 in
1057 1799 1132 1858 ponite
1145 1813 1152 1840 .·
1167 1796 1283 1859 disjuncta

233 1887 291 1917 voce
297 1904 304 1926 ,
316 1872 354 1915 cui
365 1867 452 1929 duplex
462 1879 562 1911 consona
572 1865 664 1908 initium
672 1863 728 1908 facit
734 1881 741 1920 5
749 1864 942 1928 quandoquidem
951 1865 996 1912 hoc
1006 1868 1101 1914 unicum
1108 1879 1145 1912 est
1151 1865 1283 1928 exemplum

233 1942 315 1988 similis
326 1943 415 2002 positus
425 1937 549 1985 verborum
559 1947 581 1980 et
593 1932 686 1998 syllabae
693 1935 771 1982 brevis
780 1949 834 1982 ante
842 1936 959 1998 duplicem
971 1953 1094 1984 consonam
1104 1937 1178 2001 hujus
1188 1950 1282 1984 nature.

232 2013 354 2058 Horatium
367 2012 443 2054 minus
454 2017 541 2052 castum
554 2016 577 2050 et
586 2003 719 2067 religiosum
731 2020 779 2051 esse
789 2007 814 2051 in
826 2005 979 2053 collocatione
992 2007 1035 2054 hac
1045 2008 1170 2054 verborum
1181 2008 1282 2064 vitanda,

231 2085 280 2146 jam
290 2084 319 2129 ab
327 2081 378 2128 aliis
388 2092 422 2126 est
430 2077 585 2123 observatum.
593 2077 700 2121 Occurrit
711 2077 774 2136 apud
783 2076 850 2122 illum
860 2095 865 2123 ι
877 2077 949 2124 olente
957 2082 979 2123 in
982 2079 1072 2142 fomt'ee
1081 2087 1179 2124 stantem
1190 2081 1201 2123 l
1210 2083 1281 2126 Serm.

233 2170 261 2210 2,
274 2154 311 2199 30.
322 2151 461 2212 velatumque
473 2145 531 2192 stolo
542 2164 564 2190 v.
577 2162 613 2208 7¹·
624 2147 688 2208 Saepe
698 2145 775 2191 stilum
787 2157 861 2193 vertas
870 2149 893 2204 l,
907 2164 945 2204 ro,
956 2165 993 2212 7²·
1004 2151 1062 2194 Ante
1074 2166 1103 2194 ert
1112 2165 1157 2194 nec
1170 2151 1284 2196 Homerus
1357 2205 1358 2208 Ἰ

231 2225 328 2272 brevem
340 2237 430 2269 servare
444 2217 570 2272 dubitavit,
588 2229 614 2261 ut
629 2215 650 2265 is
668 2215 758 2277 λειμῶνι
771 2217 931 2282 exspersit».
949 2223 966 2266 si
983 2221 1053 2266 modo
1065 2238 1081 2265 σ
1090 2224 1284 2282 pronuntiatum,

232 2311 277 2341 nec
290 2295 375 2340 lectum
387 2291 443 2346 fuit,
454 2301 480 2333 ut
491 2304 503 2333 a
515 2286 595 2332 multis
606 2284 742 2350 Kaperdpip
753 2288 849 2352 legitur.
861 2291 978 2337 Dawesius
989 2291 1055 2337 Misc.
1068 2292 1118 2336 crit.
1137 2307 1192 2353 pag.
1209 2291 1225 2348 d
1242 2295 1284 2336 im-

231 2378 346 2412 mutatum
357 2360 464 2408 volebat:
477 2360 571 2404 Ponite:
580 2361 675 2422 quisque
685 2359 728 2404 sibi
738 2376 796 2422 spes.
805 2361 867 2407 Alias
879 2365 979 2424 argutias
988 2363 1141 2408 Metricorum
1150 2363 1209 2410 nolo
1218 2380 1285 2424 repe·
1356 2394 1357 2404 .

232 2447 282 2481 tere
294 2451 299 2480 :
312 2433 402 2485 videat,
417 2430 458 2490 qui
469 2426 544 2485 volet,
557 2427 654 2475 Dorvill.
667 2428 697 2474 sd
709 2429 827 2474 Chariton.
840 2447 863 2492 p.
880 2430 930 2487 184.
941 2431 1025 2478 Melius
1032 2434 1138 2493 Burqess.
1152 2433 1183 2477 ad
1193 2435 1281 2478 Dawes.

231 2520 257 2566 p.
274 2501 296 2547 6.
313 2499 438 2552 divinavit,
451 2496 511 2543 male
523 2497 657 2560 suppletum
672 2514 720 2544 esse
740 2515 843 2556 versum,
860 2515 933 2563 quum
949 2513 1018 2562 poeta
1034 2511 1121 2545 tanturn
1140 2503 1285 2563 apposuisset

232 2569 319 2620 Ponite.
329 2571 358 2613 Et
371 2567 416 2613 hoc
428 2569 582 2614 verissimum.
594 2594 625 2605 -
635 2569 687 2615 310.
701 2571 779 2615 Cetera
790 2585 842 2633 quoe
853 2570 927 2630 codex
946 2586 983 2631 ap.
1000 2571 1060 2614 Pier.
1071 2585 1181 2632 percusso
1195 2571 1285 2634 aliquot

232 2644 294 2688 Pier.
313 2653 336 2686 et
353 2639 485 2696 Heinsiani,
496 2651 519 2685 et
531 2639 602 2685 Goth.
619 2640 775 2686 tert-311.
789 2657 869 2687 munus
885 2650 973 2688 nostrm
988 2643 1069 2686 Frane.
1080 2641 1173 2688 -313.
1192 2659 1284 2707 repetunt

232 2713 274 2758 Ed.
287 2714 347 2758 Veu.
359 2713 437 2762 Burm.
449 2737 480 2751 --
490 2710 543 2768 314.
553 2713 614 2758 Hine
624 2712 679 2757 adeo
688 2727 734 2757 see.
748 2713 857 2760 Rottend.
868 2713 942 2760 dubie
950 2727 1002 2778 quoe
1010 2715 1041 2758 sit
1048 2712 1146 2760 Dorvlll.
1156 2740 1189 2750 -
1200 2715 1283 2762 sicet

232 2782 312 2831 multis
323 2783 387 2830 ahest
396 2782 459 2845 apud
470 2785 548 2829 Burni.
559 2808 590 2818 —
599 2782 652 2827 316.
666 2779 722 2826 mi'lri
731 2783 768 2829 vel
777 2787 819 2846 qui
828 2784 918 2832 Zulich.

232 2965 283 3020 pro
294 2967 349 3000 non
369 2960 482 3018 possunt
500 2945 551 2996 sibi
568 2956 732 3013 temperare,
778 2950 940 3012 exercitum,
956 2948 1070 3012 auxilia,
1082 2948 1153 2997 vires
1165 2946 1280 3018 imperii.

231 3047 266 3080 ne
278 3028 416 3080 rebellent.
429 3026 534 3092 '‘3⁰9-
547 3025 625 3074 Nunc
638 3041 733 3096 unum7
776 3026 883 3079 Scilicet
895 3029 986 3098 copias
997 3026 1121 3097 intelligit
1135 3025 1170 3078 ad
1180 3026 1281 3078 bellum
1353 3041 1354 3078 l

232 3128 365 3180 quemque
377 3109 404 3157 in
417 3124 444 3158 se
453 3121 557 3154 onmem
569 3121 643 3173 spem
655 3123 733 3174 repo·
777 3107 924 3176 gerendum
936 3107 1108 3159 necessarias.
1128 3107 1180 3174 Pro
1198 3107 1281 3178 expli-

232 3183 733 3240 sitamlraberenecesseestrnonalie·
778 3188 884 3237 catione
908 3199 969 3238 sunt
992 3187 1040 3236 inf.
1066 3203 1118 3236 vss.
1141 3187 1203 3256 4¹9.
1229 3186 1281 3252 420

231 3283 293 3320 nam
306 3285 385 3336 opem
395 3275 543 3332 expectare.
552 3262 639 3334 Pergit
653 3264 730 3316 inde:
776 3267 860 3318 Turni
872 3265 968 3318 verba:
982 3284 1059 3336 opes,
1078 3265 1178 3318 intacta
1182 3269 1280 3338 juven·
1352 3305 1353 3318 .

230 3339 283 3397 Sed
299 3343 355 3395 haec
372 3345 430 3412 ipsa
447 3359 523 3411 spes,
542 3360 621 3412 quam
637 3345 665 3395 in
684 3363 731 3398 sua
777 3357 831 3409 teis,
845 3342 957 3394 auxilia.
968 3344 1072 3394 -312
1086 3363 1145 3408 quoe
1159 3344 1278 3416 plurima

232 3427 345 3496 quisque
354 3425 451 3474 virtute
461 3424 539 3474 sitam
548 3423 638 3489 habet,
651 3443 730 3495 quum
775 3423 803 3474 h.
817 3431 916 3492 quanta
929 3412 1051 3472 maxima.
1072 3419 1111 3475 iou
1127 3425 1235 3478 nativus.
1246 3455 1278 3464 -

232 3507 266 3558 sit
286 3505 380 3572 exigua
402 3501 506 3554 videtis.
536 3503 605 3554 Nam
626 3505 731 3573 reliqua
775 3502 834 3553 313.
854 3517 960 3570 corpore
977 3501 1068 3571 requi,
1088 3521 1139 3578 pro
1159 3504 1277 3570 viribus,

232 3583 337 3645 omnis,
359 3599 439 3651 quum
462 3580 561 3633 afflicta
580 3583 649 3649 sint,
669 3594 729 3640 ante
775 3581 868 3650 copiis.
881 3581 930 3631 lnf.
944 3581 1277 3651 xl1,835'commixttcor-
1351 3601 1352 3632 l

231 3659 322 3714 oculos
335 3671 362 3711 et
373 3661 441 3710 inter
456 3678 549 3712 manus
561 3673 662 3711 vestras
674 3672 728 3709 est:
770 3675 835 3730 pore
848 3669 919 3711 tanto
931 3659 1069 3712 Subsident
1085 3662 1189 3714 Teucri.

229 3737 256 3792 h.
271 3738 355 3790 oculis
365 3737 541 3809 manibusque
552 3739 660 3800 tenetis,
671 3748 729 3787 tan·
809 3735 888 3790 316...
896 3739 956 3790 321.
967 3738 1130 3793 Sententiam
1141 3754 1231 3810 poetae
1243 3761 1273 3795 ex

231 3837 311 3890 quam
324 3817 398 3888 quod
408 3821 582 3872 certissimum
595 3829 649 3870 est:
660 3816 730 3867 Grae·
772 3817 838 3887 ipsis
850 3817 938 3870 verbis
951 3836 1084 3870 eruamus.
1096 3816 1198 3871 Suadet
1209 3823 1276 3872 Lati·

230 3917 259 3953 ce
273 3935 281 3964 ,
295 3893 412 3966 πρόχιιρὸι
426 3898 483 3951 ieri.
500 3929 535 3939 -
550 3900 610 3950 310.
628 3899 728 3956 veteru·
774 3913 824 3948 nus
835 3898 895 3950 cedi
906 3899 1028 3968 Trojunis
1041 3915 1136 3968 agrum
1149 3898 1185 3950 ad
1195 3900 1276 3952 Tibe-

228 3978 552 4032 iseneServiuszabsolute
560 3974 669 4041 dixit,id
677 3987 728 4026 est:
774 3978 840 4043 rim,
854 3995 933 4049 quem
944 3977 1068 4030 lrisuotis
1081 3976 1225 4048 designati
1242 3991 1277 4034 est
1349 4017 1350 4020 κ
