<?xml version="1.0" encoding="UTF-8"?>
<!DOCTYPE html PUBLIC "-//W3C//DTD XHTML 1.0 Transitional//EN"
    "http://www.w3.org/TR/xhtml1/DTD/xhtml1-transitional.dtd">
<html xmlns="http://www.w3.org/1999/xhtml" xml:lang="en" lang="en">
 <head>
  <title>
</title>
<meta http-equiv="Content-Type" content="text/html;charset=utf-8" />
  <meta name='ocr-system' content='tesseract 3.04.00' />
  <meta name='ocr-capabilities' content='ocr_page ocr_carea ocr_par ocr_line ocrx_word'/>
</head>
<body>
  <div class='ocr_page' id='page_1' title='image "./pvirgiliusmaroq03barbgoog_0302.png"; bbox 0 0 2718 4594; ppageno 0'>
   <div class='ocr_carea' id='block_1_1' title="bbox 237 299 913 400">
    <p class='ocr_par' dir='ltr' id='par_1_1' title="bbox 237 299 913 400">
     <span class='ocr_line' id='line_1_1' title="bbox 237 299 913 400; baseline 0 -34"><span class='ocrx_word' id='word_1_1' title='bbox 237 333 300 400; x_wconf 68' lang='lat' dir='ltr'>mo</span> <span class='ocrx_word' id='word_1_2' title='bbox 606 299 913 367; x_wconf 79' lang='lat' dir='ltr'>exconsusr</span> 
     </span>
    </p>
   </div>
   <div class='ocr_carea' id='block_1_2' title="bbox 234 423 1282 577">
    <p class='ocr_par' dir='ltr' id='par_1_2' title="bbox 234 423 1282 577">
     <span class='ocr_line' id='line_1_2' title="bbox 235 423 1281 500; baseline -0.004 -14"><span class='ocrx_word' id='word_1_3' title='bbox 235 446 305 486; x_wconf 85' lang='lat' dir='ltr'>trata</span> <span class='ocrx_word' id='word_1_4' title='bbox 317 441 421 496; x_wconf 75' lang='lat' dir='ltr'>vetusta</span> <span class='ocrx_word' id='word_1_5' title='bbox 437 427 550 480; x_wconf 86' lang='lat' dir='ltr'>donaria</span> <span class='ocrx_word' id='word_1_6' title='bbox 566 424 703 481; x_wconf 82' lang='lat' dir='ltr'>Diomedis</span> <span class='ocrx_word' id='word_1_7' title='bbox 721 436 747 477; x_wconf 91' lang='lat' dir='ltr'>et</span> <span class='ocrx_word' id='word_1_8' title='bbox 764 426 899 478; x_wconf 80' lang='lat' dir='ltr'>&#39;sociorum</span> <span class='ocrx_word' id='word_1_9' title='bbox 915 441 992 478; x_wconf 79' lang='lat' dir='ltr'>arma</span> <span class='ocrx_word' id='word_1_10' title='bbox 1002 423 1121 480; x_wconf 72' lang='lat' dir='ltr'>Lutetia</span> <span class='ocrx_word' id='word_1_11' title='bbox 1136 425 1166 480; x_wconf 90' lang='lat' dir='ltr'>in</span> <span class='ocrx_word' id='word_1_12' title='bbox 1181 427 1281 500; x_wconf 79' lang='lat' dir='ltr'>templo</span> 
     </span>
     <span class='ocr_line' id='line_1_3' title="bbox 234 504 1282 577; baseline -0.004 -11"><span class='ocrx_word' id='word_1_13' title='bbox 234 517 377 567; x_wconf 78' lang='lat' dir='ltr'>Minervae:</span> <span class='ocrx_word' id='word_1_14' title='bbox 391 507 477 562; x_wconf 86' lang='lat' dir='ltr'>Strab.</span> <span class='ocrx_word' id='word_1_15' title='bbox 489 507 541 572; x_wconf 81' lang='lat' dir='ltr'>Vl,</span> <span class='ocrx_word' id='word_1_16' title='bbox 554 525 580 577; x_wconf 92' lang='lat' dir='ltr'>p.</span> <span class='ocrx_word' id='word_1_17' title='bbox 595 506 648 574; x_wconf 84' lang='grc'>434</span> <span class='ocrx_word' id='word_1_18' title='bbox 658 504 688 558; x_wconf 86' lang='lat' dir='ltr'>C.</span> <span class='ocrx_word' id='word_1_19' title='bbox 705 518 731 557; x_wconf 91' lang='lat' dir='ltr'>et</span> <span class='ocrx_word' id='word_1_20' title='bbox 743 518 838 560; x_wconf 79' lang='lat' dir='ltr'><strong>auctor</strong></span> <span class='ocrx_word' id='word_1_21' title='bbox 853 504 949 557; x_wconf 87' lang='lat' dir='ltr'>Mirab.</span> <span class='ocrx_word' id='word_1_22' title='bbox 964 507 1071 558; x_wconf 82' lang='lat' dir='ltr'>Narrat.</span> <span class='ocrx_word' id='word_1_23' title='bbox 1090 523 1156 577; x_wconf 83' lang='lat'>117,</span> <span class='ocrx_word' id='word_1_24' title='bbox 1169 509 1219 562; x_wconf 86' lang='lat' dir='ltr'>ubi</span> <span class='ocrx_word' id='word_1_25' title='bbox 1230 506 1282 577; x_wconf 72' lang='lat' dir='ltr'>irplr</span> 
     </span>
    </p>
   </div>
   <div class='ocr_carea' id='block_1_3' title="bbox 234 583 1283 730">
    <p class='ocr_par' dir='ltr' id='par_1_3' title="bbox 234 583 1283 730">
     <span class='ocr_line' id='line_1_4' title="bbox 234 583 1282 656; baseline -0.01 -12"><span class='ocrx_word' id='word_1_26' title='bbox 234 589 336 646; x_wconf 70' lang='grc' dir='ltr'>Ἀθιιὶς</span> <span class='ocrx_word' id='word_1_27' title='bbox 347 587 448 654; x_wconf 60' lang='lat' dir='ltr'>&#39;exulat</span> <span class='ocrx_word' id='word_1_28' title='bbox 464 599 520 648; x_wconf 80' lang='lat' dir='ltr'>est3</span> <span class='ocrx_word' id='word_1_29' title='bbox 533 585 604 638; x_wconf 88' lang='lat' dir='ltr'>idem</span> <span class='ocrx_word' id='word_1_30' title='bbox 617 604 661 656; x_wconf 88' lang='lat' dir='ltr'>ap.</span> <span class='ocrx_word' id='word_1_31' title='bbox 673 585 769 638; x_wconf 85' lang='lat' dir='ltr'>AEliau.</span> <span class='ocrx_word' id='word_1_32' title='bbox 779 584 812 638; x_wconf 85' lang='lat' dir='ltr'>de</span> <span class='ocrx_word' id='word_1_33' title='bbox 824 587 855 638; x_wconf 86' lang='grc' dir='ltr'>Η.</span> <span class='ocrx_word' id='word_1_34' title='bbox 869 585 899 636; x_wconf 85' lang='grc' dir='ltr'>Α.</span> <span class='ocrx_word' id='word_1_35' title='bbox 913 586 950 636; x_wconf 83' lang='lat' dir='ltr'>XI</span> <span class='ocrx_word' id='word_1_36' title='bbox 957 621 966 651; x_wconf 88' lang='lat'>,</span> <span class='ocrx_word' id='word_1_37' title='bbox 979 583 994 638; x_wconf 83' lang='lat'><em>5</em></span> <span class='ocrx_word' id='word_1_38' title='bbox 1007 586 1029 640; x_wconf 83' lang='lat' dir='ltr'>it</span> <span class='ocrx_word' id='word_1_39' title='bbox 1040 587 1072 654; x_wconf 68' lang='lat' dir='ltr'>ri*</span> <span class='ocrx_word' id='word_1_40' title='bbox 1078 588 1170 654; x_wconf 57' lang='grc' dir='ltr'>Δημέᾳ</span> <span class='ocrx_word' id='word_1_41' title='bbox 1182 588 1234 644; x_wconf 81' lang='lat' dir='ltr'>tttir</span> <span class='ocrx_word' id='word_1_42' title='bbox 1244 588 1282 644; x_wconf 60' lang='grc' dir='ltr'>«ῖς</span> 
     </span>
     <span class='ocr_line' id='line_1_5' title="bbox 234 654 1283 730; baseline -0.005 -16"><span class='ocrx_word' id='word_1_43' title='bbox 234 663 337 717; x_wconf 70' lang='grc' dir='ltr'>Ἀθηνᾶς</span> <span class='ocrx_word' id='word_1_44' title='bbox 351 663 390 716; x_wconf 76' lang='lat' dir='ltr'>rie</span> <span class='ocrx_word' id='word_1_45' title='bbox 406 654 514 714; x_wconf 64' lang='lat' dir='ltr'>’luridae</span> <span class='ocrx_word' id='word_1_46' title='bbox 529 670 660 730; x_wconf 82' lang='lat' dir='ltr'>perpetua</span> <span class='ocrx_word' id='word_1_47' title='bbox 671 674 760 708; x_wconf 80' lang='lat' dir='ltr'>comet</span> <span class='ocrx_word' id='word_1_48' title='bbox 774 655 910 724; x_wconf 75' lang='lat' dir='ltr'>Diomedis</span> <span class='ocrx_word' id='word_1_49' title='bbox 921 657 1044 710; x_wconf 66' lang='lat' dir='ltr'>Minerua</span> <span class='ocrx_word' id='word_1_50' title='bbox 1054 657 1217 730; x_wconf 60' lang='lat' dir='ltr'>utUlyasim</span> <span class='ocrx_word' id='word_1_51' title='bbox 1229 661 1283 714; x_wconf 85' lang='lat' dir='ltr'>iao·</span> 
     </span>
    </p>
   </div>
   <div class='ocr_carea' id='block_1_4' title="bbox 229 734 1282 1610">
    <p class='ocr_par' dir='ltr' id='par_1_4' title="bbox 229 734 1282 1610">
     <span class='ocr_line' id='line_1_6' title="bbox 234 734 1282 813; baseline -0.004 -17"><span class='ocrx_word' id='word_1_52' title='bbox 234 757 277 796; x_wconf 93' lang='lat' dir='ltr'>tus</span> <span class='ocrx_word' id='word_1_53' title='bbox 292 759 399 813; x_wconf 86' lang='lat' dir='ltr'>quoque</span> <span class='ocrx_word' id='word_1_54' title='bbox 414 738 458 793; x_wconf 92' lang='lat' dir='ltr'>ille</span> <span class='ocrx_word' id='word_1_55' title='bbox 471 738 538 791; x_wconf 88' lang='lat' dir='ltr'>deus</span> <span class='ocrx_word' id='word_1_56' title='bbox 551 755 600 806; x_wconf 89' lang='lat' dir='ltr'>per</span> <span class='ocrx_word' id='word_1_57' title='bbox 613 734 764 790; x_wconf 82' lang='lat' dir='ltr'><strong>Palladem:</strong></span> <span class='ocrx_word' id='word_1_58' title='bbox 780 734 887 788; x_wconf 86' lang='lat' dir='ltr'>Pindar.</span> <span class='ocrx_word' id='word_1_59' title='bbox 902 738 936 788; x_wconf 85' lang='lat' dir='ltr'>tt.</span> <span class='ocrx_word' id='word_1_60' title='bbox 948 737 988 803; x_wconf 86' lang='lat' dir='ltr'>X,</span> <span class='ocrx_word' id='word_1_61' title='bbox 1006 754 1045 790; x_wconf 81' lang='lat'>12.</span> <span class='ocrx_word' id='word_1_62' title='bbox 1058 749 1169 809; x_wconf 82' lang='lat' dir='ltr'>torques</span> <span class='ocrx_word' id='word_1_63' title='bbox 1186 757 1282 792; x_wconf 80' lang='lat' dir='ltr'>aureus</span> 
     </span>
     <span class='ocr_line' id='line_1_7' title="bbox 234 806 1281 892; baseline -0.005 -18"><span class='ocrx_word' id='word_1_64' title='bbox 234 826 262 874; x_wconf 91' lang='lat' dir='ltr'>in</span> <span class='ocrx_word' id='word_1_65' title='bbox 272 820 372 892; x_wconf 89' lang='lat' dir='ltr'>templo</span> <span class='ocrx_word' id='word_1_66' title='bbox 382 818 476 870; x_wconf 64' lang='lat' dir='ltr'>,Diana</span> <span class='ocrx_word' id='word_1_67' title='bbox 488 817 516 867; x_wconf 90' lang='lat' dir='ltr'>in</span> <span class='ocrx_word' id='word_1_68' title='bbox 529 817 657 869; x_wconf 86' lang='lat' dir='ltr'>Peucetiis</span> <span class='ocrx_word' id='word_1_69' title='bbox 670 806 826 869; x_wconf 64' lang='lat' dir='ltr'>servabatur</span> <span class='ocrx_word' id='word_1_70' title='bbox 838 814 902 870; x_wconf 85' lang='lat' dir='ltr'>ibid.</span> <span class='ocrx_word' id='word_1_71' title='bbox 915 815 1012 868; x_wconf 86' lang='lat' dir='ltr'>Mirab.</span> <span class='ocrx_word' id='word_1_72' title='bbox 1025 817 1133 882; x_wconf 79' lang='lat' dir='ltr'>Narrat.</span> <span class='ocrx_word' id='word_1_73' title='bbox 1147 835 1209 888; x_wconf 86' lang='lat' dir='ltr'>cap.</span> <span class='ocrx_word' id='word_1_74' title='bbox 1225 833 1281 870; x_wconf 84' lang='lat' dir='ltr'>rao.</span> 
     </span>
     <span class='ocr_line' id='line_1_8' title="bbox 233 893 1281 970; baseline -0.004 -18"><span class='ocrx_word' id='word_1_75' title='bbox 233 900 315 970; x_wconf 86' lang='lat' dir='ltr'>Quod</span> <span class='ocrx_word' id='word_1_76' title='bbox 326 916 390 951; x_wconf 86' lang='lat' dir='ltr'>vero</span> <span class='ocrx_word' id='word_1_77' title='bbox 402 896 486 948; x_wconf 90' lang='lat' dir='ltr'>multo</span> <span class='ocrx_word' id='word_1_78' title='bbox 503 897 583 948; x_wconf 84' lang='lat' dir='ltr'>etiam</span> <span class='ocrx_word' id='word_1_79' title='bbox 600 895 683 968; x_wconf 75' lang='lat' dir='ltr'>magis</span> <span class='ocrx_word' id='word_1_80' title='bbox 697 896 818 962; x_wconf 81' lang='lat' dir='ltr'>mireris,</span> <span class='ocrx_word' id='word_1_81' title='bbox 835 896 863 946; x_wconf 92' lang='lat' dir='ltr'>in</span> <span class='ocrx_word' id='word_1_82' title='bbox 881 896 974 962; x_wconf 81' lang='lat' dir='ltr'>intimo</span> <span class='ocrx_word' id='word_1_83' title='bbox 990 893 1067 949; x_wconf 83' lang='lat' dir='ltr'>Sinus</span> <span class='ocrx_word' id='word_1_84' title='bbox 1087 895 1221 952; x_wconf 78' lang='lat' dir='ltr'>Adriatici</span> <span class='ocrx_word' id='word_1_85' title='bbox 1239 915 1281 948; x_wconf 89' lang='lat' dir='ltr'>re·</span> 
     </span>
     <span class='ocr_line' id='line_1_9' title="bbox 232 974 1280 1035; baseline -0.009 0"><span class='ocrx_word' id='word_1_86' title='bbox 232 999 309 1035; x_wconf 88' lang='lat' dir='ltr'>cessu</span> <span class='ocrx_word' id='word_1_87' title='bbox 322 983 391 1031; x_wconf 91' lang='lat' dir='ltr'>inter</span> <span class='ocrx_word' id='word_1_88' title='bbox 404 979 520 1030; x_wconf 88' lang='lat' dir='ltr'>Venetos</span> <span class='ocrx_word' id='word_1_89' title='bbox 540 976 575 1028; x_wconf 92' lang='lat' dir='ltr'>ad</span> <span class='ocrx_word' id='word_1_90' title='bbox 591 976 731 1029; x_wconf 87' lang='lat' dir='ltr'>Timavum</span> <span class='ocrx_word' id='word_1_91' title='bbox 747 976 830 1031; x_wconf 84' lang='lat' dir='ltr'>fuisse</span> <span class='ocrx_word' id='word_1_92' title='bbox 846 974 962 1026; x_wconf 79' lang='lat' dir='ltr'>traditur</span> <span class='ocrx_word' id='word_1_93' title='bbox 977 978 1071 1030; x_wconf 84' lang='lat' dir='ltr'>lanum</span> <span class='ocrx_word' id='word_1_94' title='bbox 1088 976 1238 1030; x_wconf 84' lang='lat' dir='ltr'>Diomedis.</span> <span class='ocrx_word' id='word_1_95' title='bbox 1255 993 1280 1026; x_wconf 84' lang='lat' dir='ltr'>r.</span> 
     </span>
     <span class='ocr_line' id='line_1_10' title="bbox 232 1054 1282 1129; baseline -0.002 -17"><span class='ocrx_word' id='word_1_96' title='bbox 232 1061 328 1118; x_wconf 86' lang='lat' dir='ltr'>Strabo</span> <span class='ocrx_word' id='word_1_97' title='bbox 341 1059 388 1112; x_wconf 87' lang='lat' dir='ltr'>lib.</span> <span class='ocrx_word' id='word_1_98' title='bbox 399 1059 436 1124; x_wconf 83' lang='lat' dir='ltr'>V,</span> <span class='ocrx_word' id='word_1_99' title='bbox 448 1079 475 1129; x_wconf 91' lang='lat' dir='ltr'>p.</span> <span class='ocrx_word' id='word_1_100' title='bbox 490 1057 550 1110; x_wconf 81' lang='lat'><strong>328.</strong></span> <span class='ocrx_word' id='word_1_101' title='bbox 564 1056 624 1126; x_wconf 83' lang='lat'><strong>329.</strong></span> <span class='ocrx_word' id='word_1_102' title='bbox 638 1057 687 1122; x_wconf 87' lang='lat' dir='ltr'>Vl,</span> <span class='ocrx_word' id='word_1_103' title='bbox 701 1075 728 1126; x_wconf 92' lang='lat' dir='ltr'>p.</span> <span class='ocrx_word' id='word_1_104' title='bbox 742 1054 793 1121; x_wconf 80' lang='grc'>435</span> <span class='ocrx_word' id='word_1_105' title='bbox 805 1057 842 1120; x_wconf 87' lang='grc' dir='ltr'>Β,</span> <span class='ocrx_word' id='word_1_106' title='bbox 860 1054 986 1127; x_wconf 74' lang='lat' dir='ltr'>aliudque</span> <span class='ocrx_word' id='word_1_107' title='bbox 998 1058 1067 1110; x_wconf 84' lang='lat' dir='ltr'>iuter</span> <span class='ocrx_word' id='word_1_108' title='bbox 1078 1056 1197 1112; x_wconf 82' lang='lat' dir='ltr'>Umbras</span> <span class='ocrx_word' id='word_1_109' title='bbox 1211 1059 1282 1110; x_wconf 84' lang='lat' dir='ltr'>circa</span> 
     </span>
     <span class='ocr_line' id='line_1_11' title="bbox 231 1135 1279 1210; baseline -0.004 -18"><span class='ocrx_word' id='word_1_110' title='bbox 231 1141 388 1204; x_wconf 77' lang='lat' dir='ltr'>Anconam,</span> <span class='ocrx_word' id='word_1_111' title='bbox 404 1151 433 1206; x_wconf 83' lang='lat' dir='ltr'>ut</span> <span class='ocrx_word' id='word_1_112' title='bbox 449 1137 546 1210; x_wconf 74' lang='lat' dir='ltr'>Scylax</span> <span class='ocrx_word' id='word_1_113' title='bbox 557 1149 649 1189; x_wconf 89' lang='lat' dir='ltr'>narrat</span> <span class='ocrx_word' id='word_1_114' title='bbox 661 1138 689 1188; x_wconf 90' lang='lat' dir='ltr'>in</span> <span class='ocrx_word' id='word_1_115' title='bbox 700 1135 808 1208; x_wconf 89' lang='lat' dir='ltr'>Periplo</span> <span class='ocrx_word' id='word_1_116' title='bbox 821 1155 849 1207; x_wconf 88' lang='lat' dir='ltr'>p.</span> <span class='ocrx_word' id='word_1_117' title='bbox 869 1137 886 1188; x_wconf 88' lang='lat'><strong>6</strong></span> <span class='ocrx_word' id='word_1_118' title='bbox 892 1157 901 1199; x_wconf 49' lang='lat'>¹;</span> <span class='ocrx_word' id='word_1_119' title='bbox 922 1136 995 1207; x_wconf 86' lang='lat' dir='ltr'>apud</span> <span class='ocrx_word' id='word_1_120' title='bbox 1012 1137 1078 1188; x_wconf 88' lang='lat' dir='ltr'>Plin.</span> <span class='ocrx_word' id='word_1_121' title='bbox 1091 1138 1145 1202; x_wconf 86' lang='lat'>111,</span> <span class='ocrx_word' id='word_1_122' title='bbox 1166 1154 1201 1190; x_wconf 79' lang='lat' dir='ltr'>uo</span> <span class='ocrx_word' id='word_1_123' title='bbox 1217 1137 1279 1188; x_wconf 85' lang='lat' dir='ltr'>urba</span> 
     </span>
     <span class='ocr_line' id='line_1_12' title="bbox 231 1215 1280 1292; baseline -0.005 -19"><span class='ocrx_word' id='word_1_124' title='bbox 231 1221 330 1292; x_wconf 81' lang='lat' dir='ltr'>Spina,</span> <span class='ocrx_word' id='word_1_125' title='bbox 343 1219 378 1272; x_wconf 86' lang='lat' dir='ltr'>ad</span> <span class='ocrx_word' id='word_1_126' title='bbox 391 1220 488 1274; x_wconf 88' lang='lat' dir='ltr'>ostium</span> <span class='ocrx_word' id='word_1_127' title='bbox 502 1215 567 1270; x_wconf 86' lang='lat' dir='ltr'>Padi</span> <span class='ocrx_word' id='word_1_128' title='bbox 579 1216 760 1289; x_wconf 78' lang='lat' dir='ltr'>Spineticum,</span> <span class='ocrx_word' id='word_1_129' title='bbox 777 1216 882 1271; x_wconf 80' lang='lat' dir='ltr'>condito</span> <span class='ocrx_word' id='word_1_130' title='bbox 895 1237 911 1268; x_wconf 85' lang='lat' dir='ltr'>a</span> <span class='ocrx_word' id='word_1_131' title='bbox 922 1216 1057 1270; x_wconf 80' lang='lat' dir='ltr'>Diomede.</span> <span class='ocrx_word' id='word_1_132' title='bbox 1075 1217 1150 1270; x_wconf 82' lang='lat' dir='ltr'>Alias</span> <span class='ocrx_word' id='word_1_133' title='bbox 1167 1217 1201 1272; x_wconf 90' lang='lat' dir='ltr'>de</span> <span class='ocrx_word' id='word_1_134' title='bbox 1215 1219 1280 1270; x_wconf 88' lang='lat' dir='ltr'>Dio·</span> 
     </span>
     <span class='ocr_line' id='line_1_13' title="bbox 230 1297 1279 1369; baseline -0.004 -15"><span class='ocrx_word' id='word_1_135' title='bbox 230 1302 308 1354; x_wconf 86' lang='lat' dir='ltr'>mede</span> <span class='ocrx_word' id='word_1_136' title='bbox 320 1300 486 1360; x_wconf 79' lang='lat' dir='ltr'>narrationes</span> <span class='ocrx_word' id='word_1_137' title='bbox 498 1318 524 1349; x_wconf 90' lang='lat' dir='ltr'>v.</span> <span class='ocrx_word' id='word_1_138' title='bbox 538 1317 581 1369; x_wconf 86' lang='lat' dir='ltr'>ap.</span> <span class='ocrx_word' id='word_1_139' title='bbox 594 1297 682 1352; x_wconf 84' lang='lat' dir='ltr'>Strab.</span> <span class='ocrx_word' id='word_1_140' title='bbox 694 1299 746 1362; x_wconf 92' lang='lat' dir='ltr'>Vl,</span> <span class='ocrx_word' id='word_1_141' title='bbox 758 1317 785 1368; x_wconf 92' lang='lat' dir='ltr'>p.</span> <span class='ocrx_word' id='word_1_142' title='bbox 798 1297 860 1366; x_wconf 84' lang='grc'>436.</span> <span class='ocrx_word' id='word_1_143' title='bbox 870 1298 919 1350; x_wconf 83' lang='lat' dir='ltr'>vix</span> <span class='ocrx_word' id='word_1_144' title='bbox 928 1297 1034 1366; x_wconf 80' lang='lat' dir='ltr'>videtur</span> <span class='ocrx_word' id='word_1_145' title='bbox 1045 1299 1073 1350; x_wconf 91' lang='lat' dir='ltr'>in</span> <span class='ocrx_word' id='word_1_146' title='bbox 1083 1297 1126 1352; x_wconf 79' lang='lat' dir='ltr'>his</span> <span class='ocrx_word' id='word_1_147' title='bbox 1136 1297 1204 1358; x_wconf 80' lang='lat' dir='ltr'>fides</span> <span class='ocrx_word' id='word_1_148' title='bbox 1212 1298 1279 1351; x_wconf 82' lang='lat' dir='ltr'>Gra·</span> 
     </span>
     <span class='ocr_line' id='line_1_14' title="bbox 231 1377 1280 1450; baseline -0.006 -14"><span class='ocrx_word' id='word_1_149' title='bbox 231 1385 269 1436; x_wconf 83' lang='lat' dir='ltr'>cis</span> <span class='ocrx_word' id='word_1_150' title='bbox 282 1399 338 1436; x_wconf 86' lang='lat' dir='ltr'>esse</span> <span class='ocrx_word' id='word_1_151' title='bbox 350 1379 491 1432; x_wconf 83' lang='lat' dir='ltr'>habenda:</span> <span class='ocrx_word' id='word_1_152' title='bbox 506 1382 567 1450; x_wconf 89' lang='lat' dir='ltr'>qui,</span> <span class='ocrx_word' id='word_1_153' title='bbox 583 1397 665 1449; x_wconf 80' lang='grc' dir='ltr'>4ιιιιιιι</span> <span class='ocrx_word' id='word_1_154' title='bbox 677 1378 787 1446; x_wconf 86' lang='lat' dir='ltr'>heroem</span> <span class='ocrx_word' id='word_1_155' title='bbox 803 1377 948 1450; x_wconf 74' lang='lat' dir='ltr'>indigetem</span> <span class='ocrx_word' id='word_1_156' title='bbox 959 1380 1032 1430; x_wconf 81' lang='lat' dir='ltr'>iniis</span> <span class='ocrx_word' id='word_1_157' title='bbox 1045 1378 1112 1432; x_wconf 85' lang='lat' dir='ltr'>locis</span> <span class='ocrx_word' id='word_1_158' title='bbox 1124 1377 1180 1434; x_wconf 82' lang='lat' dir='ltr'>coli</span> <span class='ocrx_word' id='word_1_159' title='bbox 1192 1378 1280 1432; x_wconf 83' lang='lat' dir='ltr'>audis·</span> 
     </span>
     <span class='ocr_line' id='line_1_15' title="bbox 231 1457 1278 1530; baseline -0.004 -16"><span class='ocrx_word' id='word_1_160' title='bbox 231 1474 306 1525; x_wconf 80' lang='lat' dir='ltr'>sent,</span> <span class='ocrx_word' id='word_1_161' title='bbox 317 1461 410 1510; x_wconf 79' lang='lat' dir='ltr'>forsan</span> <span class='ocrx_word' id='word_1_162' title='bbox 422 1475 496 1510; x_wconf 88' lang='lat' dir='ltr'>more</span> <span class='ocrx_word' id='word_1_163' title='bbox 513 1475 562 1508; x_wconf 84' lang='lat' dir='ltr'>suo</span> <span class='ocrx_word' id='word_1_164' title='bbox 577 1457 735 1510; x_wconf 86' lang='lat' dir='ltr'>Diomedem</span> <span class='ocrx_word' id='word_1_165' title='bbox 747 1476 808 1510; x_wconf 84' lang='lat' dir='ltr'>eum</span> <span class='ocrx_word' id='word_1_166' title='bbox 821 1459 988 1530; x_wconf 89' lang='lat' dir='ltr'>interpretati</span> <span class='ocrx_word' id='word_1_167' title='bbox 1007 1470 1077 1514; x_wconf 80' lang='lat' dir='ltr'>sunt</span> <span class='ocrx_word' id='word_1_168' title='bbox 1090 1459 1191 1518; x_wconf 70' lang='lat' dir='ltr'>Verum</span> <span class='ocrx_word' id='word_1_169' title='bbox 1207 1477 1223 1512; x_wconf 87' lang='lat' dir='ltr'>a</span> <span class='ocrx_word' id='word_1_170' title='bbox 1238 1475 1278 1510; x_wconf 81' lang='lat' dir='ltr'>me</span> 
     </span>
     <span class='ocr_line' id='line_1_16' title="bbox 229 1537 1278 1610; baseline -0.004 -18"><span class='ocrx_word' id='word_1_171' title='bbox 229 1539 287 1592; x_wconf 82' lang='lat' dir='ltr'>ltaec</span> <span class='ocrx_word' id='word_1_172' title='bbox 297 1559 329 1592; x_wconf 89' lang='lat' dir='ltr'>eo</span> <span class='ocrx_word' id='word_1_173' title='bbox 341 1557 413 1606; x_wconf 80' lang='lat' dir='ltr'>nunc</span> <span class='ocrx_word' id='word_1_174' title='bbox 425 1549 683 1600; x_wconf 83' lang='lat' dir='ltr'>commemorantur,</span> <span class='ocrx_word' id='word_1_175' title='bbox 694 1550 724 1606; x_wconf 78' lang='lat' dir='ltr'>ut</span> <span class='ocrx_word' id='word_1_176' title='bbox 736 1537 914 1610; x_wconf 76' lang='lat' dir='ltr'>intelligatur,</span> <span class='ocrx_word' id='word_1_177' title='bbox 927 1538 1049 1594; x_wconf 83' lang='lat' dir='ltr'>fabulam</span> <span class='ocrx_word' id='word_1_178' title='bbox 1059 1539 1095 1592; x_wconf 84' lang='lat' dir='ltr'>de</span> <span class='ocrx_word' id='word_1_179' title='bbox 1104 1537 1242 1600; x_wconf 76' lang='lat' dir='ltr'>Diomedis</span> <span class='ocrx_word' id='word_1_180' title='bbox 1251 1538 1278 1588; x_wconf 90' lang='lat' dir='ltr'>in</span> 
     </span>
    </p>
   </div>
   <div class='ocr_carea' id='block_1_5' title="bbox 229 1615 1278 1758">
    <p class='ocr_par' dir='ltr' id='par_1_5' title="bbox 229 1615 1278 1758">
     <span class='ocr_line' id='line_1_17' title="bbox 229 1615 1278 1688; baseline -0.002 -19"><span class='ocrx_word' id='word_1_181' title='bbox 229 1618 308 1670; x_wconf 88' lang='lat' dir='ltr'>ltalia</span> <span class='ocrx_word' id='word_1_182' title='bbox 319 1616 427 1668; x_wconf 87' lang='lat' dir='ltr'>sedibus</span> <span class='ocrx_word' id='word_1_183' title='bbox 440 1616 599 1684; x_wconf 17' lang='lat' dir='ltr'>fuisseysatis</span> <span class='ocrx_word' id='word_1_184' title='bbox 610 1615 730 1668; x_wconf 88' lang='lat' dir='ltr'>nobilem</span> <span class='ocrx_word' id='word_1_185' title='bbox 741 1618 810 1670; x_wconf 88' lang='lat' dir='ltr'>inter</span> <span class='ocrx_word' id='word_1_186' title='bbox 824 1630 942 1683; x_wconf 86' lang='lat' dir='ltr'>veteres,</span> <span class='ocrx_word' id='word_1_187' title='bbox 955 1631 985 1670; x_wconf 91' lang='lat' dir='ltr'>ut</span> <span class='ocrx_word' id='word_1_188' title='bbox 995 1630 1077 1688; x_wconf 88' lang='lat' dir='ltr'>poeta</span> <span class='ocrx_word' id='word_1_189' title='bbox 1088 1637 1121 1680; x_wconf 82' lang='lat' dir='ltr'>aa</span> <span class='ocrx_word' id='word_1_190' title='bbox 1130 1619 1172 1670; x_wconf 89' lang='lat' dir='ltr'>uti</span> <span class='ocrx_word' id='word_1_191' title='bbox 1184 1629 1278 1688; x_wconf 90' lang='lat' dir='ltr'>potue-</span> 
     </span>
     <span class='ocr_line' id='line_1_18' title="bbox 230 1687 1276 1758; baseline 0.004 -20"><span class='ocrx_word' id='word_1_192' title='bbox 230 1691 280 1752; x_wconf 86' lang='lat' dir='ltr'>rit;</span> <span class='ocrx_word' id='word_1_193' title='bbox 293 1705 371 1741; x_wconf 89' lang='lat' dir='ltr'>usum</span> <span class='ocrx_word' id='word_1_194' title='bbox 384 1698 472 1738; x_wconf 89' lang='lat' dir='ltr'>autem</span> <span class='ocrx_word' id='word_1_195' title='bbox 482 1704 539 1739; x_wconf 87' lang='lat' dir='ltr'>esse</span> <span class='ocrx_word' id='word_1_196' title='bbox 551 1705 583 1740; x_wconf 92' lang='lat' dir='ltr'>ea</span> <span class='ocrx_word' id='word_1_197' title='bbox 594 1699 704 1758; x_wconf 86' lang='lat' dir='ltr'>poetam</span> <span class='ocrx_word' id='word_1_198' title='bbox 712 1687 754 1748; x_wconf 54' lang='lat' dir='ltr'>‚ad</span> <span class='ocrx_word' id='word_1_199' title='bbox 765 1689 949 1744; x_wconf 85' lang='lat' dir='ltr'>narrationem</span> <span class='ocrx_word' id='word_1_200' title='bbox 960 1687 1118 1742; x_wconf 82' lang='lat' dir='ltr'>variandam</span> <span class='ocrx_word' id='word_1_201' title='bbox 1131 1701 1160 1744; x_wconf 90' lang='lat' dir='ltr'>et</span> <span class='ocrx_word' id='word_1_202' title='bbox 1178 1705 1276 1744; x_wconf 80' lang='lat' dir='ltr'>ornan·</span> 
     </span>
    </p>
   </div>
   <div class='ocr_carea' id='block_1_6' title="bbox 230 1764 514 1820">
    <p class='ocr_par' dir='ltr' id='par_1_6' title="bbox 230 1764 514 1820">
     <span class='ocr_line' id='line_1_19' title="bbox 230 1764 514 1820; baseline -0.011 -3"><span class='ocrx_word' id='word_1_203' title='bbox 230 1765 293 1819; x_wconf 90' lang='lat' dir='ltr'>dam</span> <span class='ocrx_word' id='word_1_204' title='bbox 305 1764 514 1820; x_wconf 88' lang='lat' dir='ltr'>accommodate.</span> 
     </span>
    </p>
   </div>
   <div class='ocr_carea' id='block_1_7' title="bbox 518 1985 1035 2249">
    <p class='ocr_par' dir='ltr' id='par_1_7' title="bbox 518 1985 1035 2249">
     <span class='ocr_line' id='line_1_20' title="bbox 518 1985 984 2092; baseline 0 -16"><span class='ocrx_word' id='word_1_205' title='bbox 518 1985 984 2092; x_wconf 80' lang='lat' dir='ltr'>EXCURSUSIL</span> 
     </span>
     <span class='ocr_line' id='line_1_21' title="bbox 641 2164 1035 2249; baseline 0.01 -5"><span class='ocrx_word' id='word_1_206' title='bbox 641 2177 864 2249; x_wconf 67' lang='lat' dir='ltr'>mamm.</span> <span class='ocrx_word' id='word_1_207' title='bbox 1032 2164 1035 2174; x_wconf 81' lang='grc'><em>“</em></span> 
     </span>
    </p>
   </div>
   <div class='ocr_carea' id='block_1_8' title="bbox 228 2333 1341 2806">
    <p class='ocr_par' dir='ltr' id='par_1_8' title="bbox 228 2333 1341 2806">
     <span class='ocr_line' id='line_1_22' title="bbox 261 2333 1276 2420; baseline 0 -30"><span class='ocrx_word' id='word_1_208' title='bbox 261 2337 314 2404; x_wconf 78' lang='lat' dir='ltr'>xi,</span> <span class='ocrx_word' id='word_1_209' title='bbox 327 2335 377 2390; x_wconf 79' lang='lat'>532</span> <span class='ocrx_word' id='word_1_210' title='bbox 391 2353 449 2420; x_wconf 67' lang='grc'>544.</span> <span class='ocrx_word' id='word_1_211' title='bbox 466 2333 518 2404; x_wconf 81' lang='lat'>539</span> <span class='ocrx_word' id='word_1_212' title='bbox 530 2352 588 2406; x_wconf 81' lang='lat' dir='ltr'>sqq.</span> <span class='ocrx_word' id='word_1_213' title='bbox 608 2333 704 2392; x_wconf 79' lang='lat' dir='ltr'>Pulsus</span> <span class='ocrx_word' id='word_1_214' title='bbox 719 2337 751 2390; x_wconf 82' lang='lat' dir='ltr'>ol&gt;</span> <span class='ocrx_word' id='word_1_215' title='bbox 764 2337 902 2408; x_wconf 65' lang='lat' dir='ltr'>invidum,</span> <span class='ocrx_word' id='word_1_216' title='bbox 916 2335 1075 2409; x_wconf 83' lang='lat' dir='ltr'>Episodium</span> <span class='ocrx_word' id='word_1_217' title='bbox 1084 2335 1139 2388; x_wconf 85' lang='lat' dir='ltr'>hoc</span> <span class='ocrx_word' id='word_1_218' title='bbox 1152 2350 1235 2408; x_wconf 87' lang='lat' dir='ltr'>poeta</span> <span class='ocrx_word' id='word_1_219' title='bbox 1246 2356 1276 2390; x_wconf 78' lang='lat' dir='ltr'>ex</span> 
     </span>
     <span class='ocr_line' id='line_1_23' title="bbox 230 2415 1275 2490; baseline 0.001 -21"><span class='ocrx_word' id='word_1_220' title='bbox 230 2420 345 2487; x_wconf 80' lang='lat' dir='ltr'>antiquis</span> <span class='ocrx_word' id='word_1_221' title='bbox 357 2417 485 2486; x_wconf 79' lang='lat' dir='ltr'>Italorum</span> <span class='ocrx_word' id='word_1_222' title='bbox 501 2415 632 2481; x_wconf 81' lang='lat' dir='ltr'>historiis,</span> <span class='ocrx_word' id='word_1_223' title='bbox 651 2435 698 2470; x_wconf 90' lang='lat' dir='ltr'>seu</span> <span class='ocrx_word' id='word_1_224' title='bbox 712 2418 810 2475; x_wconf 85' lang='lat' dir='ltr'>fabulis</span> <span class='ocrx_word' id='word_1_225' title='bbox 828 2420 995 2482; x_wconf 58' lang='lat' dir='ltr'>contenuisse</span> <span class='ocrx_word' id='word_1_226' title='bbox 1014 2417 1151 2490; x_wconf 83' lang='lat' dir='ltr'>putandus</span> <span class='ocrx_word' id='word_1_227' title='bbox 1171 2432 1220 2472; x_wconf 82' lang='lat' dir='ltr'>eat.</span> <span class='ocrx_word' id='word_1_228' title='bbox 1238 2421 1275 2472; x_wconf 84' lang='lat' dir='ltr'>Ex</span> 
     </span>
     <span class='ocr_line' id='line_1_24' title="bbox 229 2494 1276 2570; baseline -0.002 -20"><span class='ocrx_word' id='word_1_229' title='bbox 229 2499 321 2551; x_wconf 86' lang='lat' dir='ltr'>Servio</span> <span class='ocrx_word' id='word_1_230' title='bbox 333 2494 404 2558; x_wconf 86' lang='lat' dir='ltr'>adv.</span> <span class='ocrx_word' id='word_1_231' title='bbox 420 2495 470 2565; x_wconf 83' lang='lat'>567</span> <span class='ocrx_word' id='word_1_232' title='bbox 481 2495 571 2568; x_wconf 77' lang='lat' dir='ltr'>colligi</span> <span class='ocrx_word' id='word_1_233' title='bbox 584 2509 690 2566; x_wconf 81' lang='lat' dir='ltr'>potest,</span> <span class='ocrx_word' id='word_1_234' title='bbox 702 2497 833 2552; x_wconf 85' lang='lat' dir='ltr'>Catonem</span> <span class='ocrx_word' id='word_1_235' title='bbox 843 2498 900 2550; x_wconf 83' lang='lat' dir='ltr'>hoec</span> <span class='ocrx_word' id='word_1_236' title='bbox 910 2498 989 2564; x_wconf 68' lang='lat' dir='ltr'>latius</span> <span class='ocrx_word' id='word_1_237' title='bbox 1002 2517 1059 2564; x_wconf 69' lang='lat' dir='ltr'>ease</span> <span class='ocrx_word' id='word_1_238' title='bbox 1068 2511 1241 2570; x_wconf 73' lang='lat' dir='ltr'>persecutum</span> <span class='ocrx_word' id='word_1_239' title='bbox 1247 2500 1276 2549; x_wconf 92' lang='lat' dir='ltr'>in</span> 
     </span>
     <span class='ocr_line' id='line_1_25' title="bbox 228 2575 1276 2648; baseline 0.002 -21"><span class='ocrx_word' id='word_1_240' title='bbox 228 2577 337 2648; x_wconf 61' lang='grc' dir='ltr'>0ςί44,</span> <span class='ocrx_word' id='word_1_241' title='bbox 351 2593 410 2645; x_wconf 79' lang='lat' dir='ltr'>qua</span> <span class='ocrx_word' id='word_1_242' title='bbox 427 2575 486 2646; x_wconf 64' lang='lat' dir='ltr'>ipsa</span> <span class='ocrx_word' id='word_1_243' title='bbox 497 2592 539 2626; x_wconf 86' lang='lat' dir='ltr'>res</span> <span class='ocrx_word' id='word_1_244' title='bbox 553 2593 680 2631; x_wconf 84' lang='lat' dir='ltr'>excusare</span> <span class='ocrx_word' id='word_1_245' title='bbox 695 2589 801 2647; x_wconf 84' lang='lat' dir='ltr'>poterat</span> <span class='ocrx_word' id='word_1_246' title='bbox 813 2578 980 2648; x_wconf 79' lang='lat' dir='ltr'>lactumper</span> <span class='ocrx_word' id='word_1_247' title='bbox 993 2595 1021 2632; x_wconf 85' lang='lat' dir='ltr'>se</span> <span class='ocrx_word' id='word_1_248' title='bbox 1035 2589 1163 2648; x_wconf 84' lang='lat' dir='ltr'>portento</span> <span class='ocrx_word' id='word_1_249' title='bbox 1176 2577 1276 2642; x_wconf 85' lang='lat' dir='ltr'>simile,</span> 
     </span>
     <span class='ocr_line' id='line_1_26' title="bbox 228 2652 1341 2727; baseline 0.002 -21"><span class='ocrx_word' id='word_1_250' title='bbox 228 2655 357 2707; x_wconf 82' lang='lat' dir='ltr'>uthastae</span> <span class='ocrx_word' id='word_1_251' title='bbox 369 2652 504 2724; x_wconf 73' lang='lat' dir='ltr'>alligatam</span> <span class='ocrx_word' id='word_1_252' title='bbox 516 2654 646 2716; x_wconf 80' lang='lat' dir='ltr'>infantem</span> <span class='ocrx_word' id='word_1_253' title='bbox 657 2669 731 2714; x_wconf 83' lang='lat' dir='ltr'>trans</span> <span class='ocrx_word' id='word_1_254' title='bbox 744 2675 850 2710; x_wconf 87' lang='lat' dir='ltr'>amnem</span> <span class='ocrx_word' id='word_1_255' title='bbox 861 2656 958 2727; x_wconf 82' lang='lat' dir='ltr'>aliquis</span> <span class='ocrx_word' id='word_1_256' title='bbox 972 2657 1010 2711; x_wconf 83' lang='lat' dir='ltr'>ita</span> <span class='ocrx_word' id='word_1_257' title='bbox 1023 2657 1155 2726; x_wconf 79' lang='lat' dir='ltr'>trajiciat,</span> <span class='ocrx_word' id='word_1_258' title='bbox 1172 2670 1202 2707; x_wconf 93' lang='lat' dir='ltr'>ut</span> <span class='ocrx_word' id='word_1_259' title='bbox 1214 2658 1275 2726; x_wconf 76' lang='lat' dir='ltr'>ripa</span> <span class='ocrx_word' id='word_1_260' title='bbox 1340 2709 1341 2724; x_wconf 61' lang='lat'>,</span> 
     </span>
     <span class='ocr_line' id='line_1_27' title="bbox 229 2727 1341 2806; baseline 0 -20"><span class='ocrx_word' id='word_1_261' title='bbox 229 2734 346 2804; x_wconf 79' lang='lat' dir='ltr'>adversa.</span> <span class='ocrx_word' id='word_1_262' title='bbox 358 2730 483 2806; x_wconf 71' lang='lat' dir='ltr'>infigatur</span> <span class='ocrx_word' id='word_1_263' title='bbox 495 2731 585 2801; x_wconf 82' lang='lat' dir='ltr'>hasta,</span> <span class='ocrx_word' id='word_1_264' title='bbox 597 2736 654 2786; x_wconf 87' lang='lat' dir='ltr'>sine</span> <span class='ocrx_word' id='word_1_265' title='bbox 666 2737 775 2790; x_wconf 83' lang='lat' dir='ltr'>infantia</span> <span class='ocrx_word' id='word_1_266' title='bbox 787 2754 871 2802; x_wconf 79' lang='lat' dir='ltr'>noxa,</span> <span class='ocrx_word' id='word_1_267' title='bbox 884 2753 964 2806; x_wconf 76' lang='lat' dir='ltr'>quam</span> <span class='ocrx_word' id='word_1_268' title='bbox 975 2753 1037 2788; x_wconf 90' lang='lat' dir='ltr'>cum</span> <span class='ocrx_word' id='word_1_269' title='bbox 1044 2734 1093 2786; x_wconf 90' lang='lat' dir='ltr'>illa</span> <span class='ocrx_word' id='word_1_270' title='bbox 1102 2733 1222 2788; x_wconf 74' lang='lat' dir='ltr'>humuis</span> <span class='ocrx_word' id='word_1_271' title='bbox 1233 2747 1277 2786; x_wconf 89' lang='lat' dir='ltr'>aut</span> <span class='ocrx_word' id='word_1_272' title='bbox 1340 2727 1341 2786; x_wconf 71' lang='grc' dir='ltr'>Ῐ</span> 
     </span>
    </p>
   </div>
   <div class='ocr_carea' id='block_1_9' title="bbox 228 2813 1276 2967">
    <p class='ocr_par' dir='ltr' id='par_1_9' title="bbox 228 2813 1276 2967">
     <span class='ocr_line' id='line_1_28' title="bbox 228 2813 1275 2888; baseline 0.002 -22"><span class='ocrx_word' id='word_1_273' title='bbox 228 2829 304 2888; x_wconf 74' lang='lat' dir='ltr'>tergo</span> <span class='ocrx_word' id='word_1_274' title='bbox 319 2813 422 2886; x_wconf 76' lang='lat' dir='ltr'>illigata</span> <span class='ocrx_word' id='word_1_275' title='bbox 435 2825 573 2882; x_wconf 73' lang='lat' dir='ltr'>transnare</span> <span class='ocrx_word' id='word_1_276' title='bbox 593 2833 706 2869; x_wconf 88' lang='lat' dir='ltr'>amnem.</span> <span class='ocrx_word' id='word_1_277' title='bbox 719 2815 800 2883; x_wconf 91' lang='lat' dir='ltr'>Quod</span> <span class='ocrx_word' id='word_1_278' title='bbox 816 2815 854 2884; x_wconf 79' lang='lat' dir='ltr'>de¹</span> <span class='ocrx_word' id='word_1_279' title='bbox 867 2815 991 2888; x_wconf 75' lang='lat' dir='ltr'>Pyrrho,</span> <span class='ocrx_word' id='word_1_280' title='bbox 1002 2815 1077 2886; x_wconf 80' lang='lat' dir='ltr'>Epiri</span> <span class='ocrx_word' id='word_1_281' title='bbox 1095 2833 1174 2887; x_wconf 66' lang='lat' dir='ltr'>rege,</span> <span class='ocrx_word' id='word_1_282' title='bbox 1192 2832 1275 2887; x_wconf 87' lang='lat' dir='ltr'>puero</span> 
     </span>
     <span class='ocr_line' id='line_1_29' title="bbox 229 2893 1276 2967; baseline -0.001 -19"><span class='ocrx_word' id='word_1_283' title='bbox 229 2909 371 2956; x_wconf 85' lang='lat' dir='ltr'>narratum</span> <span class='ocrx_word' id='word_1_284' title='bbox 386 2893 572 2958; x_wconf 84' lang='lat' dir='ltr'>aiuutsimile,</span> <span class='ocrx_word' id='word_1_285' title='bbox 589 2895 669 2964; x_wconf 89' lang='lat' dir='ltr'>plane</span> <span class='ocrx_word' id='word_1_286' title='bbox 686 2896 821 2954; x_wconf 69' lang='lat' dir='ltr'>ffiversum</span> <span class='ocrx_word' id='word_1_287' title='bbox 837 2907 895 2963; x_wconf 84' lang='lat' dir='ltr'>est,</span> <span class='ocrx_word' id='word_1_288' title='bbox 912 2897 934 2948; x_wconf 82' lang='lat' dir='ltr'>ti</span> <span class='ocrx_word' id='word_1_289' title='bbox 951 2893 1124 2952; x_wconf 81' lang='lat' dir='ltr'>Plutarchum</span> <span class='ocrx_word' id='word_1_290' title='bbox 1140 2897 1276 2967; x_wconf 84' lang='lat' dir='ltr'>inspicias.</span> 
     </span>
    </p>
   </div>
   <div class='ocr_carea' id='block_1_10' title="bbox 229 2972 1276 3046">
    <p class='ocr_par' dir='ltr' id='par_1_10' title="bbox 229 2953 1341 3067">
     <span class='ocr_line' id='line_1_30' title="bbox 229 2972 1276 3046; baseline 0.001 -19"><span class='ocrx_word' id='word_1_291' title='bbox 229 2976 356 3028; x_wconf 83' lang='lat' dir='ltr'>Diversus</span> <span class='ocrx_word' id='word_1_292' title='bbox 369 2986 458 3038; x_wconf 83' lang='lat' dir='ltr'>autem</span> <span class='ocrx_word' id='word_1_293' title='bbox 470 2975 562 3044; x_wconf 88' lang='lat' dir='ltr'>utique</span> <span class='ocrx_word' id='word_1_294' title='bbox 579 2972 622 3026; x_wconf 90' lang='lat' dir='ltr'>hic</span> <span class='ocrx_word' id='word_1_295' title='bbox 640 2975 763 3040; x_wconf 77' lang='lat' dir='ltr'>Metabus</span> <span class='ocrx_word' id='word_1_296' title='bbox 781 2975 815 3028; x_wconf 86' lang='lat' dir='ltr'>ab</span> <span class='ocrx_word' id='word_1_297' title='bbox 827 2993 873 3040; x_wconf 71' lang='lat' dir='ltr'>so„</span> <span class='ocrx_word' id='word_1_298' title='bbox 887 2977 933 3046; x_wconf 84' lang='lat' dir='ltr'>qui</span> <span class='ocrx_word' id='word_1_299' title='bbox 949 2993 981 3028; x_wconf 86' lang='lat' dir='ltr'>ex</span> <span class='ocrx_word' id='word_1_300' title='bbox 993 2974 1075 3043; x_wconf 79' lang='lat' dir='ltr'>Trqja</span> <span class='ocrx_word' id='word_1_301' title='bbox 1091 2974 1176 3028; x_wconf 84' lang='lat' dir='ltr'>redux</span> <span class='ocrx_word' id='word_1_302' title='bbox 1191 2975 1276 3028; x_wconf 81' lang='lat' dir='ltr'>Meta·</span> 
     </span>
    </p>
   </div>
   <div class='ocr_carea' id='block_1_11' title="bbox 229 3051 1277 3524">
    <p class='ocr_par' dir='ltr' id='par_1_11' title="bbox 229 3051 1277 3524">
     <span class='ocr_line' id='line_1_31' title="bbox 229 3051 1277 3127; baseline 0.001 -22"><span class='ocrx_word' id='word_1_303' title='bbox 229 3068 344 3126; x_wconf 83' lang='lat' dir='ltr'>pontum</span> <span class='ocrx_word' id='word_1_304' title='bbox 356 3054 383 3103; x_wconf 91' lang='lat' dir='ltr'>in</span> <span class='ocrx_word' id='word_1_305' title='bbox 396 3063 513 3108; x_wconf 75' lang='lat' dir='ltr'>extrema</span> <span class='ocrx_word' id='word_1_306' title='bbox 525 3051 602 3108; x_wconf 89' lang='lat' dir='ltr'>ltalia</span> <span class='ocrx_word' id='word_1_307' title='bbox 615 3052 767 3118; x_wconf 67' lang='lat' dir='ltr'>condidisse</span> <span class='ocrx_word' id='word_1_308' title='bbox 779 3054 924 3120; x_wconf 73' lang='lat' dir='ltr'>ferebatur.</span> <span class='ocrx_word' id='word_1_309' title='bbox 938 3055 978 3119; x_wconf 76' lang='lat' dir='ltr'>ls,</span> <span class='ocrx_word' id='word_1_310' title='bbox 995 3052 1028 3108; x_wconf 86' lang='lat' dir='ltr'>de</span> <span class='ocrx_word' id='word_1_311' title='bbox 1041 3072 1095 3124; x_wconf 90' lang='lat' dir='ltr'>quo</span> <span class='ocrx_word' id='word_1_312' title='bbox 1112 3053 1156 3106; x_wconf 87' lang='lat' dir='ltr'>hio</span> <span class='ocrx_word' id='word_1_313' title='bbox 1174 3057 1277 3127; x_wconf 69' lang='lat' dir='ltr'>agitur,</span> 
     </span>
     <span class='ocr_line' id='line_1_32' title="bbox 229 3127 1277 3208; baseline 0.003 -23"><span class='ocrx_word' id='word_1_314' title='bbox 229 3153 277 3188; x_wconf 79' lang='lat' dir='ltr'>rex</span> <span class='ocrx_word' id='word_1_315' title='bbox 288 3127 423 3198; x_wconf 78' lang='lat' dir='ltr'>Priverni,</span> <span class='ocrx_word' id='word_1_316' title='bbox 437 3130 510 3204; x_wconf 87' lang='lat' dir='ltr'>quod</span> <span class='ocrx_word' id='word_1_317' title='bbox 519 3132 677 3200; x_wconf 78' lang='lat' dir='ltr'>Volscorum</span> <span class='ocrx_word' id='word_1_318' title='bbox 691 3134 822 3205; x_wconf 83' lang='lat' dir='ltr'>oppidum</span> <span class='ocrx_word' id='word_1_319' title='bbox 828 3136 883 3198; x_wconf 67' lang='lat' dir='ltr'>=fuit</span> <span class='ocrx_word' id='word_1_320' title='bbox 893 3134 905 3208; x_wconf 89' lang='lat'>(</span> <span class='ocrx_word' id='word_1_321' title='bbox 911 3152 982 3188; x_wconf 88' lang='lat' dir='ltr'>nunc</span> <span class='ocrx_word' id='word_1_322' title='bbox 990 3135 1065 3186; x_wconf 86' lang='lat' dir='ltr'>vicus</span> <span class='ocrx_word' id='word_1_323' title='bbox 1075 3133 1218 3205; x_wconf 80' lang='lat' dir='ltr'>Pipemo),</span> <span class='ocrx_word' id='word_1_324' title='bbox 1230 3155 1277 3206; x_wconf 89' lang='lat' dir='ltr'>per</span> 
     </span>
     <span class='ocr_line' id='line_1_33' title="bbox 231 3211 1275 3282; baseline 0 -14"><span class='ocrx_word' id='word_1_325' title='bbox 231 3214 390 3268; x_wconf 86' lang='lat' dir='ltr'>seditionem</span> <span class='ocrx_word' id='word_1_326' title='bbox 405 3232 421 3263; x_wconf 87' lang='lat' dir='ltr'>a</span> <span class='ocrx_word' id='word_1_327' title='bbox 433 3214 486 3264; x_wconf 88' lang='lat' dir='ltr'>suis</span> <span class='ocrx_word' id='word_1_328' title='bbox 499 3211 606 3282; x_wconf 89' lang='lat' dir='ltr'>pulsus,</span> <span class='ocrx_word' id='word_1_329' title='bbox 619 3213 731 3264; x_wconf 88' lang='lat' dir='ltr'>Camilla</span> <span class='ocrx_word' id='word_1_330' title='bbox 742 3213 797 3265; x_wconf 85' lang='lat' dir='ltr'>filie</span> <span class='ocrx_word' id='word_1_331' title='bbox 813 3216 915 3268; x_wconf 83' lang='lat' dir='ltr'>infante</span> <span class='ocrx_word' id='word_1_332' title='bbox 933 3233 1023 3268; x_wconf 87' lang='lat' dir='ltr'>secum</span> <span class='ocrx_word' id='word_1_333' title='bbox 1033 3213 1130 3278; x_wconf 83' lang='lat' dir='ltr'>ducta,</span> <span class='ocrx_word' id='word_1_334' title='bbox 1142 3215 1275 3268; x_wconf 84' lang='lat' dir='ltr'>Amaseno</span> 
     </span>
     <span class='ocr_line' id='line_1_34' title="bbox 230 3289 1274 3364; baseline 0.002 -20"><span class='ocrx_word' id='word_1_335' title='bbox 230 3295 359 3362; x_wconf 75' lang='lat' dir='ltr'>trajecto,</span> <span class='ocrx_word' id='word_1_336' title='bbox 371 3293 399 3340; x_wconf 95' lang='lat' dir='ltr'>in</span> <span class='ocrx_word' id='word_1_337' title='bbox 410 3289 627 3345; x_wconf 74' lang='lat' dir='ltr'>silviaeducarit·</span> <span class='ocrx_word' id='word_1_338' title='bbox 639 3289 719 3345; x_wconf 87' lang='lat' dir='ltr'>liliam</span> <span class='ocrx_word' id='word_1_339' title='bbox 731 3293 823 3345; x_wconf 75' lang='lat' dir='ltr'>Iliona</span> <span class='ocrx_word' id='word_1_340' title='bbox 835 3304 1026 3351; x_wconf 81' lang='lat' dir='ltr'>consecratam.</span> <span class='ocrx_word' id='word_1_341' title='bbox 1043 3292 1104 3344; x_wconf 89' lang='lat' dir='ltr'>Non</span> <span class='ocrx_word' id='word_1_342' title='bbox 1121 3294 1274 3364; x_wconf 87' lang='lat' dir='ltr'>importuna</span> 
     </span>
     <span class='ocr_line' id='line_1_35' title="bbox 232 3367 1277 3442; baseline 0.001 -19"><span class='ocrx_word' id='word_1_343' title='bbox 232 3386 272 3424; x_wconf 87' lang='lat' dir='ltr'>est</span> <span class='ocrx_word' id='word_1_344' title='bbox 290 3370 384 3422; x_wconf 86' lang='lat' dir='ltr'>fabula</span> <span class='ocrx_word' id='word_1_345' title='bbox 399 3367 434 3432; x_wconf 86' lang='lat' dir='ltr'>ad</span> <span class='ocrx_word' id='word_1_346' title='bbox 453 3369 610 3432; x_wconf 73' lang='lat' dir='ltr'>variandam</span> <span class='ocrx_word' id='word_1_347' title='bbox 629 3370 863 3426; x_wconf 81' lang='lat' dir='ltr'>narrationemde</span> <span class='ocrx_word' id='word_1_348' title='bbox 879 3372 976 3436; x_wconf 82' lang='lat' dir='ltr'>bellico</span> <span class='ocrx_word' id='word_1_349' title='bbox 993 3383 1143 3442; x_wconf 77' lang='lat' dir='ltr'>apparatu,</span> <span class='ocrx_word' id='word_1_350' title='bbox 1163 3386 1190 3427; x_wconf 85' lang='lat' dir='ltr'>et</span> <span class='ocrx_word' id='word_1_351' title='bbox 1206 3387 1277 3428; x_wconf 84' lang='lat' dir='ltr'>tenet</span> 
     </span>
     <span class='ocr_line' id='line_1_36' title="bbox 232 3452 1276 3524; baseline 0.008 -24"><span class='ocrx_word' id='word_1_352' title='bbox 232 3454 350 3516; x_wconf 75' lang='lat' dir='ltr'>animum</span> <span class='ocrx_word' id='word_1_353' title='bbox 373 3452 570 3519; x_wconf 74' lang='lat' dir='ltr'>exspectatione</span> <span class='ocrx_word' id='word_1_354' title='bbox 590 3453 706 3511; x_wconf 84' lang='lat' dir='ltr'>fatorum</span> <span class='ocrx_word' id='word_1_355' title='bbox 727 3453 860 3519; x_wconf 76' lang='lat' dir='ltr'>Camilla,</span> <span class='ocrx_word' id='word_1_356' title='bbox 879 3452 912 3506; x_wconf 88' lang='lat' dir='ltr'>de</span> <span class='ocrx_word' id='word_1_357' title='bbox 933 3471 987 3524; x_wconf 92' lang='lat' dir='ltr'>qua</span> <span class='ocrx_word' id='word_1_358' title='bbox 1005 3455 1189 3509; x_wconf 83' lang='lat' dir='ltr'>narrationem</span> <span class='ocrx_word' id='word_1_359' title='bbox 1207 3473 1276 3508; x_wconf 83' lang='lat' dir='ltr'>nuuc</span> 
     </span>
    </p>
   </div>
   <div class='ocr_carea' id='block_1_12' title="bbox 230 3530 1340 3686">
    <p class='ocr_par' dir='ltr' id='par_1_12' title="bbox 230 3530 1340 3686">
     <span class='ocr_line' id='line_1_37' title="bbox 230 3530 1340 3604; baseline 0.003 -20"><span class='ocrx_word' id='word_1_360' title='bbox 230 3531 346 3600; x_wconf 83' lang='lat' dir='ltr'>instituit</span> <span class='ocrx_word' id='word_1_361' title='bbox 359 3543 449 3600; x_wconf 80' lang='lat' dir='ltr'>poeta.</span> <span class='ocrx_word' id='word_1_362' title='bbox 463 3532 568 3584; x_wconf 84' lang='lat' dir='ltr'>Interea</span> <span class='ocrx_word' id='word_1_363' title='bbox 578 3530 642 3584; x_wconf 88' lang='lat' dir='ltr'>huic</span> <span class='ocrx_word' id='word_1_364' title='bbox 654 3531 776 3604; x_wconf 75' lang='lat' dir='ltr'>episodio</span> <span class='ocrx_word' id='word_1_365' title='bbox 791 3531 884 3584; x_wconf 86' lang='lat' dir='ltr'>ultima</span> <span class='ocrx_word' id='word_1_366' title='bbox 895 3546 981 3603; x_wconf 68' lang='lat' dir='ltr'>poetae</span> <span class='ocrx_word' id='word_1_367' title='bbox 992 3549 1087 3584; x_wconf 91' lang='lat' dir='ltr'>manus</span> <span class='ocrx_word' id='word_1_368' title='bbox 1099 3551 1156 3584; x_wconf 90' lang='lat' dir='ltr'>non</span> <span class='ocrx_word' id='word_1_369' title='bbox 1168 3533 1275 3588; x_wconf 83' lang='lat' dir='ltr'>admota</span> <span class='ocrx_word' id='word_1_370' title='bbox 1339 3583 1340 3604; x_wconf 61' lang='lat'>,</span> 
     </span>
     <span class='ocr_line' id='line_1_38' title="bbox 231 3608 1340 3686; baseline 0.004 -22"><span class='ocrx_word' id='word_1_371' title='bbox 231 3629 289 3666; x_wconf 79' lang='lat' dir='ltr'>esse</span> <span class='ocrx_word' id='word_1_372' title='bbox 300 3608 414 3674; x_wconf 83' lang='lat' dir='ltr'>ridetur,</span> <span class='ocrx_word' id='word_1_373' title='bbox 427 3628 509 3681; x_wconf 89' lang='lat' dir='ltr'>quum</span> <span class='ocrx_word' id='word_1_374' title='bbox 521 3614 712 3670; x_wconf 80' lang='lat' dir='ltr'>narrationum</span> <span class='ocrx_word' id='word_1_375' title='bbox 724 3614 783 3684; x_wconf 76' lang='lat' dir='ltr'>ipso</span> <span class='ocrx_word' id='word_1_376' title='bbox 793 3612 912 3668; x_wconf 82' lang='lat' dir='ltr'>AEneidis</span> <span class='ocrx_word' id='word_1_377' title='bbox 925 3626 1081 3686; x_wconf 79' lang='lat' dir='ltr'>argumento</span> <span class='ocrx_word' id='word_1_378' title='bbox 1094 3616 1205 3668; x_wconf 87' lang='lat' dir='ltr'>omnino</span> <span class='ocrx_word' id='word_1_379' title='bbox 1222 3634 1275 3668; x_wconf 90' lang='lat' dir='ltr'>non</span> <span class='ocrx_word' id='word_1_380' title='bbox 1339 3659 1340 3678; x_wconf 65' lang='lat'>,</span> 
     </span>
    </p>
   </div>
   <div class='ocr_carea' id='block_1_13' title="bbox 232 3688 1277 3924">
    <p class='ocr_par' dir='ltr' id='par_1_13' title="bbox 232 3688 1277 3924">
     <span class='ocr_line' id='line_1_39' title="bbox 232 3688 1277 3766; baseline 0.006 -26"><span class='ocrx_word' id='word_1_381' title='bbox 232 3691 295 3742; x_wconf 82' lang='lat' dir='ltr'>satis</span> <span class='ocrx_word' id='word_1_382' title='bbox 306 3688 444 3755; x_wconf 86' lang='lat' dir='ltr'>coaluerit,</span> <span class='ocrx_word' id='word_1_383' title='bbox 456 3689 523 3760; x_wconf 67' lang='lat' dir='ltr'>Opis</span> <span class='ocrx_word' id='word_1_384' title='bbox 535 3704 623 3747; x_wconf 90' lang='lat' dir='ltr'>autem</span> <span class='ocrx_word' id='word_1_385' title='bbox 635 3709 650 3742; x_wconf 92' lang='lat' dir='ltr'>a</span> <span class='ocrx_word' id='word_1_386' title='bbox 662 3693 860 3750; x_wconf 81' lang='lat' dir='ltr'>Juuonemiasse</span> <span class='ocrx_word' id='word_1_387' title='bbox 870 3693 1044 3749; x_wconf 79' lang='lat' dir='ltr'>ministerium</span> <span class='ocrx_word' id='word_1_388' title='bbox 1053 3694 1185 3762; x_wconf 81' lang='lat' dir='ltr'>vixeum,</span> <span class='ocrx_word' id='word_1_389' title='bbox 1199 3713 1277 3766; x_wconf 88' lang='lat' dir='ltr'>quem</span> 
     </span>
     <span class='ocr_line' id='line_1_40' title="bbox 233 3768 1275 3844; baseline 0.005 -22"><span class='ocrx_word' id='word_1_390' title='bbox 233 3768 454 3841; x_wconf 61' lang='lat' dir='ltr'>eapectabamus,</span> <span class='ocrx_word' id='word_1_391' title='bbox 469 3769 596 3824; x_wconf 83' lang='lat' dir='ltr'>effectum</span> <span class='ocrx_word' id='word_1_392' title='bbox 607 3771 716 3826; x_wconf 84' lang='lat' dir='ltr'>habeat.</span> <span class='ocrx_word' id='word_1_393' title='bbox 731 3774 792 3832; x_wconf 84' lang='lat' dir='ltr'>Non</span> <span class='ocrx_word' id='word_1_394' title='bbox 800 3785 911 3844; x_wconf 83' lang='lat' dir='ltr'>,poterat</span> <span class='ocrx_word' id='word_1_395' title='bbox 923 3792 940 3826; x_wconf 87' lang='lat' dir='ltr'>a</span> <span class='ocrx_word' id='word_1_396' title='bbox 951 3785 1035 3826; x_wconf 86' lang='lat' dir='ltr'>morte</span> <span class='ocrx_word' id='word_1_397' title='bbox 1049 3773 1128 3829; x_wconf 84' lang='lat' dir='ltr'>fatali</span> <span class='ocrx_word' id='word_1_398' title='bbox 1139 3775 1275 3829; x_wconf 84' lang='lat' dir='ltr'>vindicare</span> 
     </span>
     <span class='ocr_line' id='line_1_41' title="bbox 232 3847 1277 3924; baseline 0.004 -24"><span class='ocrx_word' id='word_1_399' title='bbox 232 3847 372 3908; x_wconf 80' lang='lat' dir='ltr'>Camillam</span> <span class='ocrx_word' id='word_1_400' title='bbox 386 3848 574 3911; x_wconf 82' lang='lat' dir='ltr'>suam·Diana;</span> <span class='ocrx_word' id='word_1_401' title='bbox 588 3863 618 3908; x_wconf 82' lang='lat' dir='ltr'>ut</span> <span class='ocrx_word' id='word_1_402' title='bbox 636 3869 686 3905; x_wconf 85' lang='lat' dir='ltr'>nec</span> <span class='ocrx_word' id='word_1_403' title='bbox 703 3853 808 3923; x_wconf 83' lang='lat' dir='ltr'>Jupiter</span> <span class='ocrx_word' id='word_1_404' title='bbox 823 3851 1019 3924; x_wconf 81' lang='lat' dir='ltr'>Sarpedonem,</span> <span class='ocrx_word' id='word_1_405' title='bbox 1034 3869 1084 3902; x_wconf 87' lang='lat' dir='ltr'>nec</span> <span class='ocrx_word' id='word_1_406' title='bbox 1097 3851 1145 3904; x_wconf 87' lang='lat' dir='ltr'>alii</span> <span class='ocrx_word' id='word_1_407' title='bbox 1160 3852 1200 3906; x_wconf 90' lang='lat' dir='ltr'>dii</span> <span class='ocrx_word' id='word_1_408' title='bbox 1212 3853 1277 3904; x_wconf 84' lang='lat' dir='ltr'>alios</span> 
     </span>
    </p>
   </div>
   <div class='ocr_carea' id='block_1_14' title="bbox 233 3925 1339 4005">
    <p class='ocr_par' dir='ltr' id='par_1_14' title="bbox 233 3925 1339 4005">
     <span class='ocr_line' id='line_1_42' title="bbox 233 3925 1339 4005; baseline 0.006 -26"><span class='ocrx_word' id='word_1_409' title='bbox 233 3928 347 3989; x_wconf 79' lang='lat' dir='ltr'>heroes3</span> <span class='ocrx_word' id='word_1_410' title='bbox 360 3925 441 3994; x_wconf 87' lang='lat' dir='ltr'>Quod</span> <span class='ocrx_word' id='word_1_411' title='bbox 451 3940 540 3982; x_wconf 86' lang='lat' dir='ltr'>tamen</span> <span class='ocrx_word' id='word_1_412' title='bbox 552 3927 623 3980; x_wconf 89' lang='lat' dir='ltr'>idem</span> <span class='ocrx_word' id='word_1_413' title='bbox 634 3931 738 4001; x_wconf 86' lang='lat' dir='ltr'>Jupiter</span> <span class='ocrx_word' id='word_1_414' title='bbox 754 3934 783 3984; x_wconf 90' lang='lat' dir='ltr'>in</span> <span class='ocrx_word' id='word_1_415' title='bbox 795 3931 948 4003; x_wconf 85' lang='lat' dir='ltr'>Sarpedone</span> <span class='ocrx_word' id='word_1_416' title='bbox 960 3931 1014 3984; x_wconf 84' lang='lat' dir='ltr'>sibi</span> <span class='ocrx_word' id='word_1_417' title='bbox 1024 3930 1106 3984; x_wconf 89' lang='lat' dir='ltr'>licere</span> <span class='ocrx_word' id='word_1_418' title='bbox 1118 3933 1175 3999; x_wconf 80' lang='lat' dir='ltr'>ait,</span> <span class='ocrx_word' id='word_1_419' title='bbox 1193 3932 1278 4005; x_wconf 91' lang='lat' dir='ltr'>quod·</span> <span class='ocrx_word' id='word_1_420' title='bbox 1338 3973 1339 3986; x_wconf 54' lang='lat'>2</span> 
     </span>
    </p>
   </div>
   <div class='ocr_carea' id='block_1_15' title="bbox 233 4004 1277 4084">
    <p class='ocr_par' dir='ltr' id='par_1_15' title="bbox 233 4004 1277 4084">
     <span class='ocr_line' id='line_1_43' title="bbox 233 4004 1277 4084; baseline 0.004 -24"><span class='ocrx_word' id='word_1_421' title='bbox 233 4026 285 4084; x_wconf 85' lang='lat' dir='ltr'>que</span> <span class='ocrx_word' id='word_1_422' title='bbox 305 4006 385 4060; x_wconf 89' lang='lat' dir='ltr'>etiam</span> <span class='ocrx_word' id='word_1_423' title='bbox 397 4004 536 4077; x_wconf 78' lang='lat' dir='ltr'>providet,</span> <span class='ocrx_word' id='word_1_424' title='bbox 551 4019 581 4058; x_wconf 91' lang='lat' dir='ltr'>ut</span> <span class='ocrx_word' id='word_1_425' title='bbox 593 4009 650 4077; x_wconf 83' lang='lat' dir='ltr'>ejus</span> <span class='ocrx_word' id='word_1_426' title='bbox 667 4027 781 4082; x_wconf 74' lang='lat' dir='ltr'>corpus,</span> <span class='ocrx_word' id='word_1_427' title='bbox 798 4013 906 4080; x_wconf 78' lang='lat' dir='ltr'>victoris</span> <span class='ocrx_word' id='word_1_428' title='bbox 922 4011 1039 4064; x_wconf 82' lang='lat' dir='ltr'>ludibrio</span> <span class='ocrx_word' id='word_1_429' title='bbox 1051 4009 1234 4080; x_wconf 79' lang='lat' dir='ltr'>subductum,</span> <span class='ocrx_word' id='word_1_430' title='bbox 1250 4014 1277 4064; x_wconf 82' lang='lat' dir='ltr'>iu</span> 
     </span>
    </p>
   </div>
   <div class='ocr_carea' id='block_1_16' title="bbox 0 0 1364 4594">
    <p class='ocr_par' dir='ltr' id='par_1_16' title="bbox 0 0 1364 4594">
     <span class='ocr_line' id='line_1_44' title="bbox 0 0 1364 4594; baseline 0 1"><span class='ocrx_word' id='word_1_431' title='bbox 0 0 1364 4594; x_wconf 95' lang='lat' dir='ltr'> </span> 
     </span>
    </p>
   </div>
  </div>
 </body>
</html>
