2736 4598
368 291 603 358 enerues
627 291 778 359 otene
800 296 841 362 x.
1065 303 1123 389 187

84 419 229 483 Tantum
242 403 376 498 effatus,
388 436 422 483 et
433 417 551 482 infeste
562 417 651 483 subit
663 419 778 486 obvius
790 420 892 486 haste.

85 523 145 587 llle
157 541 288 588 autern:
305 553 318 582 u
332 523 413 613 quid
426 546 494 603 me,
508 541 636 612 erepto,
650 525 840 599 saevissime,
853 542 945 607 nato,

84 631 223 694 Terres?
234 631 305 697 haec
316 631 368 694 via
381 631 451 694 sole
462 631 538 709 fuit,
553 653 617 720 qua
629 630 769 718 perdere
780 655 903 719 posses.

85 737 152 802 Nec
164 753 306 801 mortem
318 737 506 816 horremus,
520 759 582 801 nec
593 736 706 802 divom
719 737 883 827 parcimus
894 737 970 820 ulli3

85 843 225 907 Desine:
234 842 303 932 jam
314 841 413 908 venio
426 843 618 924 moriturus,
633 859 665 908 et
677 844 748 910 haee
760 843 819 908 tibi
832 861 928 932 porto

8 935 11 942 ’
83 950 179 1013 Dona
191 949 293 1036 prius.
308 977 322 1007 u
337 949 439 1029 Dixit,
453 949 624 1039 telumque
637 948 768 1016 intorsit
780 951 813 1014 in
826 949 971 1033 hostem3

85 1053 166 1118 lnde
179 1053 269 1118 aliud
281 1077 381 1143 super
392 1071 491 1144 etque
503 1055 593 1120 aliud
606 1055 758 1144 figitque,
771 1055 926 1145 volatque

84 1163 213 1250 ingenti
226 1185 306 1251 gyro
317 1185 324 1226 :
338 1161 396 1228 sed
409 1164 548 1229 sustinet
559 1185 679 1228 eureus
691 1162 804 1228 umbo.

82 1269 150 1331 Ter
162 1269 286 1332 circum
300 1267 483 1334 adstantem
496 1270 596 1334 laevos
609 1270 768 1360 equitavit
780 1271 814 1333 in
827 1269 930 1350 orbis,
1081 1283 1126 1332 885

82 1373 163 1438 Tela
176 1397 276 1437 manu
284 1373 425 1463 jaciens;
435 1392 486 1440 ter
497 1398 610 1440 seeum
622 1377 742 1440 Troius
751 1374 851 1440 heros

113 1533 168 1594 877.
185 1531 254 1578 subus
264 1535 364 1578 eominus
375 1535 457 1580 Franc.
466 1558 499 1570 -·
509 1534 563 1597 878.
575 1552 590 1582 o
600 1537 720 1586 sevusi'me
729 1533 818 1587 Zulieh.
827 1558 859 1578 ..,-
868 1533 921 1596 879.
937 1537 1030 1586 Temos
1039 1534 1128 1598 aliquot

82 1603 143 1648 Pier.
153 1603 235 1660 Nunc,
247 1619 300 1649 cum
311 1615 379 1650 natus
388 1604 446 1658 mihi
461 1617 555 1667 ereptus
565 1607 606 1662 sit,
615 1605 677 1657 nihil
686 1618 732 1662 est,
746 1605 812 1668 quud
822 1619 859 1652 me
874 1617 967 1658 terreat.
979 1632 1009 1642 -
1022 1605 1075 1656 eso.
1086 1605 1130 1652 ultr·

81 1671 151 1718 Goth.
169 1684 222 1719 tert.
238 1675 312 1718 Possis
326 1671 417 1736 aliquid
437 1670 586 1736 etsoulperei
601 1677 643 1729 sed
660 1675 729 1727 nihili
743 1675 804 1722 illud
825 1688 866 1722 est.
876 1701 906 1718 a·
917 1675 969 1722 88ι.
986 1678 1047 1726 Num
1064 1678 1129 1728 vepro

81 1757 162 1788 omues
173 1745 316 1806 antiquiores
324 1744 384 1789 Pier.
398 1755 422 1789 et
433 1745 512 1794 Heius.
526 1761 579 1792 eum
590 1745 689 1802 Medio,
700 1757 723 1792 et
734 1747 813 1801 Rom,
826 1747 896 1792 etiarn
907 1745 998 1808 aliquot
1009 1757 1064 1794 rett.
1072 1745 1127 1792 edd.

81 1822 104 1856 es
116 1811 196 1858 Schol.
209 1815 275 1860 Statii
284 1813 358 1860 Theb.
370 1815 414 1870 111,
426 1816 565 1876 71.-Tuetur
581 1828 658 1862 tanen
673 1815 770 1863 altorum
782 1817 890 1865 Heinsius
906 1827 1016 1878 tanquam
1033 1815 1128 1877 elegan-

80 1885 133 1930 tius.
151 1887 217 1930 Stant
226 1902 269 1947 pro
281 1902 309 1932 eo
317 1903 353 1949 pr.
367 1886 448 1931 llantb.
459 1887 542 1933 Mores.
558 1903 598 1950 qu.
613 1889 707 1933 Vener
719 1887 788 1932 Goth.
800 1886 860 1933 alter
873 1886 1127 1932 commeatuum

79 1953 160 2000 Heins-
176 1955 348 2001 emendandum
358 1971 406 2002 esse
416 1967 509 2002 censet:
518 1965 544 2002 at
553 1955 613 2011 lraee,·
627 1957 691 2019 quod
704 1968 727 2002 et
738 1959 814 2020 ipsum
826 1956 961 2016 elegantius.
973 1956 1011 2002 Sic
1021 1967 1044 2000 et
1053 1953 1128 1999 Wad-

79 2023 157 2070 delius
167 2023 280 2071 maluerat
294 2026 357 2088 apud
370 2029 448 2072 Burin.
458 2051 488 2063 -
498 2025 551 2074 883.
560 2028 657 2091 fiqitque
670 2024 815 2090 volutaeque:
830 2030 860 2072 ita
875 2027 953 2072 Heius.
968 2041 981 2072 e
993 2025 1054 2070 Gud.
1070 2041 1126 2070 am.

78 2111 130 2157 pr.,
142 2097 168 2141 in
177 2111 226 2159 quo
240 2099 314 2142 virum
328 2099 474 2159 ingeniosum
489 2100 644 2161 exquisitioris
662 2096 769 2143 lectionis
784 2097 863 2143 studio
878 2111 958 2142 suram
976 2111 1019 2158 pro
1033 2097 1126 2140 Junone

79 2166 214 2228 amplexum
226 2181 274 2214 esse
284 2167 363 2214 nullus
375 2168 466 2215 dubito.
478 2171 537 2215 Natu
548 2170 649 2231 primum
665 2169 767 2215 Gudiaui
779 2167 868 2214 librarii
878 2168 956 2230 lapsus
964 2166 1005 2213 ille
1020 2179 1066 2223 est,
1078 2181 1126 2211 non

8 2265 9 2290 2
78 2234 167 2282 lectio:
182 2247 231 2282 tum
245 2249 298 2298 post
302 2238 356 2302 figit
364 2239 524 2300 importunum
536 2251 571 2289 est
581 2239 669 2286 volutet
680 2241 765 2304 aspersu
769 2255 839 2302 pyro,
852 2238 918 2302 quod
929 2238 958 2284 de
970 2238 1034 2284 hasta
1044 2237 1126 2284 librata

77 2309 186 2368 accipere
195 2321 290 2354 necesse
303 2321 349 2365 est,
359 2321 386 2354 ut
398 2307 524 2358 volututsit
532 2327 589 2373 pro,
601 2309 682 2366 voluit,
698 2319 765 2367 rotat.
785 2310 890 2359 Tandem
904 2310 1056 2365 nesundicus,
1069 2309 1127 2372 quid

77 2380 102 2423 in
112 2378 207 2441 vulgata
221 2378 345 2442 displicere
357 2384 440 2444 possit,
453 2398 523 2446 epum
541 2397 622 2428 omnes
638 2383 707 2431 codd.
726 2383 864 2430 vetustiores
882 2381 1006 2428 exhibent:
1022 2379 1127 2444 volatque

76 2451 163 2514 inpenti
168 2467 236 2514 pyro,
246 2451 322 2513 quod,
332 2466 374 2510 suo
384 2468 461 2508 more,
470 2466 539 2515 poeta
550 2468 603 2498 mox
612 2452 721 2500 disertius
728 2465 751 2499 et
760 2455 864 2498 ornatius
874 2453 970 2513 exponit
980 2467 985 2496 :
999 2460 1033 2496 ter
1042 2454 1127 2496 circum

75 2537 98 2566 a.
113 2534 158 2568 ete.
171 2523 199 2567 ln
210 2522 330 2580 Mediceo,
345 2524 410 2586 quod
423 2539 472 2572 non
487 2539 536 2572 esse
550 2525 736 2574 animadversum
748 2527 832 2581 miror,
843 2526 954 2586 scriptum
967 2535 1002 2568 est
1010 2522 1127 2587 :fupr'tque

76 2597 135 2653 (etsi
150 2611 163 2640 a
181 2611 214 2640 m.
231 2610 277 2641 seo.
291 2598 419 2656 mutmum)
436 2595 549 2661 velutque.
563 2600 600 2644 Sic
618 2609 642 2643 et
653 2597 720 2646 Voss.
733 2610 756 2644 et
772 2609 828 2644 vett.
846 2596 914 2652 edd,
928 2598 963 2641 uti
977 2597 1038 2640 Ven.
1059 2594 1125 2650 1484.

76 2675 150 2726 atque
171 2662 217 2710 hoc
235 2663 331 2711 mirifice
347 2665 440 2728 placere
457 2679 547 2728 potest,
563 2680 590 2714 ut
609 2669 652 2714 sit:
673 2667 785 2732 telumque
802 2668 890 2712 rumrsit
904 2668 928 2709 iu
944 2665 1049 2711 hostem:
1070 2664 1127 2708 Inde

75 2731 142 2779 uliud
155 2747 225 2796 saper
237 2741 304 2798 uque
319 2734 398 2782 uliud:
408 2736 515 2802 fuffl'tqee
529 2736 635 2802 volatque
648 2739 805 2802 lupentiqy-ro,
819 2739 847 2782 ln
858 2737 918 2786 Ven.
931 2747 979 2780 erat
990 2751 995 2778 :
1007 2732 1127 2796 aliudque,-

74 2805 180 2870 fuqitque
188 2805 305 2870 volatque,
313 2808 379 2871 quod
395 2809 570 2871 interpolatoris
582 2823 628 2867 est,
639 2813 681 2873 qui
691 2823 741 2856 uon
754 2809 845 2854 viderat
853 2809 997 2869 praeteritum
1009 2819 1057 2850 esse
1066 2816 1126 2850 tem·

75 2892 121 2939 pus
130 2890 207 2940 poete
220 2881 246 2926 in
255 2877 291 2924 his
299 2879 414 2928 sollenne.
427 2883 454 2926 ln
463 2882 529 2928 ueid.
540 2894 590 2929 erat
595 2883 707 2946 feritque,
720 2897 748 2927 ex
762 2879 832 2926 simili
842 2891 950 2941 stupore:
961 2878 1016 2939 quia
1027 2891 1126 2938 praeces·

74 2959 154 2994 seras:
167 2951 354 3016 uursetfiquque
366 2963 444 3000 tanen
452 2951 567 3002 meorum
581 2965 708 3004 consensus
721 2963 811 3006 uetur.
821 2967 835 3004 s
844 2966 892 3013 quo
900 2952 925 2997 in
935 2949 971 2996 his
981 2958 1004 2994 et
1013 2945 1126 2999 similibus

74 3018 185 3064 standum
196 3032 243 3076 est,
257 3021 352 3085 quando
372 3033 473 3086 utraque
485 3022 557 3076 lertio
575 3023 646 3075 habet
662 3021 727 3086 quod
743 3021 838 3084 probari
855 3021 934 3084 possit.
944 3013 1038 3070 -88l·
1054 3028 1125 3060 ‘W‘

74 3087 145 3134 umbo
153 3089 240 3136 Medic.
251 3104 275 3137 et
283 3092 343 3140 oud.
356 3093 405 3140 vid.
416 3109 468 3158 sup.
482 3094 513 3140 ad
524 3109 577 3156 271·
587 3119 619 3130 -·
628 3092 680 3146 885.
694 3095 753 3140 Tum
761 3094 843 3142 Frane.
854 3093 939 3136 citum
945 3095 1043 3132 ucustem
1054 3083 1124 3132 Goth.
1213 3165 1214 3170 1

77 3171 147 3217 tert,
165 3175 193 3206 ex
206 3159 295 3210 librarii
304 3166 405 3218 institia.

77 3285 184 3354 quoties
193 3286 301 3338 novavit
310 3287 579 3359 Maro.-877.subit
623 3287 769 3355 orimum,
790 3295 818 3336 et
839 3285 913 3348 estio
933 3299 984 3353 pro
1005 3301 1126 3334 cura.—

75 3362 130 3416 hoo
140 3363 201 3417 loeo
211 3365 299 3437 simpl.
310 3368 344 3432 it,
357 3369 579 3421 occurritraliter
624 3367 685 3419 881.
702 3364 797 3417 Desine
817 3375 925 3416 terrere.
941 3393 976 3404 -·
994 3361 1053 3415 885.
1070 3364 1127 3414 1,ae-

75 3462 107 3494 ec
120 3443 202 3495 modo
212 3463 235 3496 v.
250 3447 310 3516 798.
322 3449 391 3498 Tum
404 3447 458 3498 lroeo
470 3449 514 3499 uia
525 3445 580 3500 sola
623 3465 684 3498 ram
693 3447 720 3496 in
733 3456 837 3516 partem
846 3461 901 3496 non
913 3442 993 3495 modo
1004 3444 1039 3496 ob
1049 3456 1126 3496 natu·

69 3523 146 3593 suit,
159 3544 213 3598 qua
223 3527 331 3598 perdere
343 3547 445 3600 posses,
461 3543 575 3596 senato
619 3527 702 3578 ralem
714 3526 778 3598 equi
790 3523 886 3576 flexum
902 3526 929 3574 in
947 3524 1058 3590 laevum,
1076 3524 1123 3576 sed

75 3617 184 3675 erepto,
196 3603 241 3657 lilii
257 3619 351 3660 morte.
361 3609 466 3661 -880,
478 3625 525 3660 nee
536 3609 577 3662 di·
619 3605 681 3659 ideo
701 3608 813 3673 maxime
830 3604 984 3675 equitabat,
1004 3617 1049 3670 ut,
1067 3607 1125 3675 ipse

74 3703 137 3733 vum
148 3685 282 3755 parcimus
296 3683 348 3737 ulli
355 3709 364 3748 ,·
376 3699 406 3738 ut
419 3687 452 3739 eb
462 3705 494 3739 eo
508 3689 578 3740 auxi·
620 3687 685 3739 leva
700 3686 787 3758 clipeo
804 3697 908 3750 tectus,
928 3696 953 3736 et
970 3683 1063 3736 dextra
1079 3702 1125 3737 ex·

74 3763 141 3816 lium
154 3777 332 3834 expectemus.
343 3767 403 3818 Alio
413 3767 474 3819 loeo
486 3789 492 3818 z
506 3767 579 3820 nihil
622 3767 741 3840 pedita‚'
750 3767 857 3830 Ense,
877 3766 924 3836 qui
943 3765 968 3817 ei
985 3783 1091 3836 semper
1108 3783 1125 3816 a

76 3845 165 3913 sejam
174 3843 226 3896 diis
235 3844 337 3910 deberi,
348 3845 444 3898 eodem
453 3847 509 3899 fere
519 3863 577 3900 sen·
619 3848 685 3900 'laeva
698 3849 725 3897 in
738 3846 865 3897 interiore
876 3846 933 3918 gyri
944 3845 1009 3897 orbe
1020 3844 1123 3908 stabat,

76 3937 116 3972 su.
130 3940 254 3992 parcere,
266 3942 317 3994 pro
329 3927 428 3990 vereri,
441 3936 576 3992 metuere,
622 3927 743 3980 dextrum
755 3927 826 3979 latus
835 3938 955 3999 peteret,
969 3924 1042 3996 quod
1055 3925 1125 3976 acli-

75 4001 198 4074 adeoque
219 4005 328 4056 omuino
350 4023 450 4058 curare.
471 4004 512 4061 Sic
531 4007 576 4061 Gr.
622 4025 672 4082 peo
691 4019 791 4060 tectum
804 4025 859 4060 non
878 4018 942 4060 erut.
958 4003 1010 4057 Sed
1028 4005 1124 4058 AEneas
