2690 4596
225 294 288 364 388
584 279 851 346 EXGURSUS
873 280 912 344 11

225 437 300 482 nox,
310 431 392 488 quum
403 412 503 462 frustra
513 405 566 458 hoc
577 418 667 458 sctum
678 415 761 468 esset,
772 415 803 454 nt
813 401 924 455 Didonis
936 419 1027 457 amore
1040 407 1161 458 irretitus
1178 409 1276 460 AEneas

225 497 386 567 Carthagine
402 491 574 566 retineregur,
586 488 614 537 in
625 483 714 538 Sicilia
732 483 869 536 combusta
884 485 989 544 inerat,
1001 483 1065 554 (lib.
1079 489 1113 552 V,
1128 489 1185 556 604
1198 490 1278 560 sqq.)

226 583 274 634 ubi
289 578 419 646 Troianos
438 569 473 623 ad
491 569 558 620 Latii
576 566 639 619 litut
656 565 790 637 appulisse
805 565 878 616 videt
893 563 971 634 (Vll,
985 567 1036 618 ato
1053 569 1133 640 sqq.)
1151 589 1189 622 ne
1209 564 1278 622 nihil

226 678 280 733 quo
292 658 348 709 iata
359 652 469 704 dilierre
477 646 571 700 saltem
581 645 687 709 liceret,
696 647 855 696 intentatum
866 639 1041 715 relinqueret,
1050 665 1135 698 uuam
1145 667 1181 700 cx
1189 649 1277 700 Furiis

226 741 332 802 excitat,
340 747 366 788 et
373 732 478 784 Latium
485 725 626 780 discordiis
634 725 809 776 miscet.Dum
818 725 914 776 AEueas
921 725 1016 777 absens
1023 725 1143 778 Evandri
1150 740 1180 779 et
1186 729 1280 780 Etrus-

226 837 319 876 corum
331 814 429 870 auxilia
439 809 590 879 conquirit,
605 807 748 876 Venusque
759 816 844 857 mater
862 805 887 856 ei
906 823 980 858 arma
996 805 1112 858 Vulcani
1124 819 1186 860 arte
1197 820 1277 880 parat

225 900 317 972 (vm,
329 896 381 966 ³7⁰
393 891 469 962 eq),
480 889 551 940 Juno
567 884 637 937 iride
653 886 734 936 missu
745 883 864 935 Turnum
882 886 991 949 excitat,
1010 897 1040 936 ut
1060 887 1146 938 AEnea
1163 887 1278 940 absente

226 982 405 1050 Troianorum
418 980 506 1058 captra
517 984 564 1020 seu
578 964 672 1017 urbem
683 982 715 1015 ac
727 964 887 1014 munitiones
899 976 1036 1036 oppugnet
1041 982 1049 1026 ;
1062 963 1109 1015 lib.
1120 965 1174 1031 IX,
1191 983 1202 1017 1
1217 984 1278 1036 sqq,

226 1064 299 1115 luter
311 1058 382 1110 banc
396 1048 623 1122 oppugnationem
634 1045 739 1095 Turnus
753 1045 782 1095 iu
797 1054 885 1094 castra
895 1045 952 1113 iarn
966 1045 1116 1115 irruperat:
1130 1063 1216 1116 quum
1229 1048 1279 1098 Ju-

228 1141 293 1196 uoni
304 1155 353 1209 per
363 1131 460 1184 Iridom
468 1146 485 1180 u
494 1127 561 1178 Jove
570 1125 677 1176 mistam
689 1120 871 1186 interdicitur,
883 1140 918 1174 ne
926 1121 1036 1174 ulterius
1047 1141 1099 1193 pro
1109 1122 1205 1174 Turno
1215 1143 1279 1177 cou-

228 1219 334 1282 tendat,
348 1226 374 1268 et
383 1214 411 1264 iu
422 1225 513 1280 pugna
523 1203 662 1257 allaboret.
675 1200 741 1254 ibid.
753 1201 804 1265 lx,
816 1201 866 1252 802
881 1218 940 1271 tqq.

264 1295 385 1352 Concilio
396 1289 504 1352 habito,
514 1285 620 1355 Jupiter
631 1281 682 1334 diis
693 1279 857 1352 persuadere
867 1280 937 1347 vult,
949 1292 979 1331 ut
989 1279 1108 1335 dissidiis
1119 1289 1278 1357 compositis

228 1379 294 1434 nihil
306 1375 378 1427 ultra
388 1363 569 1429 intercedunt,
582 1379 636 1433 quo
648 1363 736 1412 miuus
752 1359 840 1412 fatalis
855 1359 930 1412 tedes
942 1360 1059 1413 initalia
1072 1363 1162 1416 AEneae
1175 1369 1279 1418 contin.

228 1474 282 1538 8⁸¹·
292 1457 340 1510 lib,
352 1453 391 1518 X,
407 1467 417 1501 r
433 1465 492 1518 sqq.
505 1441 732 1513 Quandoquidem
741 1442 848 1492 monitis
859 1441 1037 1512 precibusque
1048 1442 1153 1496 uullmn
1162 1445 1225 1499 dari
1236 1449 1279 1499 10.

228 1560 291 1596 eum
300 1536 388 1600 videt,
398 1527 544 1600 objurgatis
555 1523 671 1596 graviter
680 1521 731 1572 diis
741 1519 874 1586 declarat,
884 1522 947 1572 fatis
959 1539 987 1574 se
998 1523 1089 1575 omnio
1098 1541 1156 1576 esse
1165 1530 1279 1598 permis-

230 1636 320 1674 surum
331 1634 357 1666 v.
375 1606 422 1662 105
436 1621 496 1676 sqq.
506 1603 567 1672 ,Neo
579 1613 669 1654 tamen
680 1599 733 1650 hoc
744 1600 783 1651 ita
794 1599 930 1652 observari
945 1599 1037 1653 videas
1052 1603 1081 1654 in
1099 1619 1195 1675 seqq,
1212 1607 1278 1676 quin

227 1701 342 1752 Juturnu
350 1691 470 1740 Turnum
481 1683 590 1734 fratrem
602 1689 723 1744 moneat,
736 1689 766 1729 ut
778 1677 893 1730 Lausum
904 1678 1030 1732 Pallantis
1040 1681 1166 1734 manibus
1181 1685 1279 1756 eripiat

227 1797 254 1830 v.
265 1774 403 1844 minuo
413 1776 502 1819 nutem
511 1763 571 1832 ipsa
579 1760 709 1823 Turnum,
717 1757 792 1810 eluso
803 1759 894 1825 AEnoa,
903 1777 999 1831 pugne
1011 1759 1163 1816 subducat:
1174 1781 1201 1814 v.
1214 1764 1275 1818 606.

228 1858 329 1911 Contra
344 1849 417 1902 lovis
433 1842 537 1896 monitu
554 1837 698 1890 Mezentius
718 1839 746 1888 in
766 1857 884 1910 pugnum
899 1837 1019 1892 succedit
1035 1857 1061 1891 v.
1082 1841 1145 1911 689.
1157 1843 1233 1894 Juno
1244 1843 1279 1894 ad

230 1936 324 2002 celum
341 1929 432 1983 statim
447 1921 562 1976 redierat
577 1917 620 1989 (v.
634 1917 694 1970 663.
707 1917 786 1990 664).
799 1919 868 1971 Nam
880 1918 971 1990 paullo
983 1932 1045 1992 post
1056 1937 1090 1973 ea
1101 1940 1164 1974 cum
1175 1924 1280 1976 Venere

230 2021 300 2072 iuter
313 2012 378 2063 deos
392 2013 568 2065 memoratur,
581 1999 628 2068 qui
639 2015 672 2050 ex
679 1996 794 2068 Olympo
804 2015 921 2069 pugnam
931 2011 1106 2070 prospectant
1117 2000 1180 2072 758,
1192 2003 1280 2056 Etiam
1327 2057 1328 2072 χ

228 2091 316 2147 Diana
328 2087 409 2160 Opim
421 2081 501 2134 mittit
512 2076 677 2150 Nympbam,
691 2089 721 2127 ut
731 2075 848 2128 Camilla
867 2089 979 2130 mortem
995 2078 1141 2132 ulciscatur
1157 2080 1207 2133 lib.
1224 2082 1278 2156 IX,
1327 2075 1328 2114 ³

227 2174 319 2226 stu...
331 2168 390 2236 567.
405 2163 511 2214 Interea
525 2158 630 2228 Jupiter
643 2153 811 2208 Tarchonem
822 2155 962 2209 Etruscum
978 2158 1085 2226 incitat,
1098 2171 1147 2227 ut,
1165 2158 1276 2214 firmam

228 2250 324 2304 animis
332 2283 341 2311 ,
350 2256 450 2295 turmae
463 2236 497 2290 ad
506 2233 681 2308 pugnandum
690 2233 801 2287 reducat
809 2252 835 2286 v.
848 2235 908 2304 726.

225 2317 226 2320 Ἴ
265 2325 385 2380 instabat
393 2324 449 2391 jam
460 2315 593 2400 sinqulore
602 2315 687 2367 Turni
696 2333 760 2366 cum
771 2315 855 2368 AEuca
863 2328 1006 2370 certamen.
1015 2318 1101 2384 June,
1114 2335 1176 2389 quas
1185 2320 1277 2372 'remo

227 2407 353 2478 timebat,
366 2401 488 2452 dirimere
508 2395 601 2448 saltem
616 2412 647 2446 ac
660 2393 771 2447 differre
792 2414 910 2468 pugnam
926 2395 1025 2450 studet.
1044 2399 1124 2450 Nunc
1140 2399 1278 2453 inducitur

228 2488 277 2542 illa
288 2503 321 2539 ex
331 2493 421 2536 monte
432 2477 537 2528 Albano
548 2475 716 2547 prospiciens
727 2493 861 2548 pugnam,
873 2476 944 2530 unde
957 2477 1099 2531 luturuam
1110 2479 1211 2532 mittit:
1221 2481 1279 2553 xli,

233 2567 283 2634 134
294 2583 369 2636 sqq,
387 2573 418 2612 ut
434 2558 513 2610 fratri
530 2573 579 2607 suo
598 2567 745 2606 succurrat.
761 2557 798 2608 Ut
813 2555 866 2608 hoc
881 2568 966 2628 poete
978 2571 1161 2610 commentum
1173 2562 1238 2614 setis
1249 2578 1277 2613 se

229 2648 415 2722 phantasmate
426 2657 516 2691 rerum
528 2634 709 2699 commendet,
721 2636 894 2709 cogitandum
904 2649 958 2703 est,
971 2639 1113 2691 Juturnam
1126 2658 1187 2694 etse
1196 2643 1277 2714 Nym-
1326 2663 1327 2684 t

229 2729 312 2802 pharu
320 2725 393 2778 duvii
404 2733 431 2776 et
441 2720 516 2772 lacus
528 2717 611 2782 Latii,
623 2717 671 2787 qui
681 2734 737 2768 uon
748 2717 827 2790 longe
840 2716 934 2770 aberat
945 2718 979 2770 ab
991 2718 1098 2772 Albano
1108 2734 1217 2774 moute:
1227 2724 1276 2794 igi·
1326 2685 1327 2720 t

230 2822 274 2860 tur
283 2810 312 2860 iu
320 2805 392 2857 buuc
402 2796 576 2854 descenderat
586 2797 601 2848 J
603 2815 671 2860 uno,
682 2809 712 2847 ut
722 2815 783 2848 cum
789 2797 804 2848 J
806 2808 904 2850 utnrna
914 2815 995 2869 super
1003 2799 1192 2853 communibus
1198 2801 1277 2854 rebus

230 2898 333 2959 agerem
346 2881 408 2936 iude
420 2897 479 2932 enm
491 2879 587 2930 iterum
598 2875 633 2928 ad
641 2873 784 2948 Olympum
795 2894 929 2928 reversam
940 2893 997 2931 esse
1006 2877 1050 2947 (v.
1068 2877 1127 2948 159.
1143 2880 1211 2952 160)
1224 2893 1277 2932 sta.

229 2965 358 3020 mendum
368 2973 415 3014 est.
425 2960 495 3010 Nam
507 2957 646 3028 aliquanto
654 2967 726 3026 post,
738 2974 763 3006 v.
782 2972 842 3025 792,
850 2956 897 3009 illu
908 2959 936 3008 in
945 2957 1063 3010 nubibus
1071 2957 1155 3012 haret
1165 2959 1276 3032 desp'ec-
1326 2923 1327 3008 i

229 3061 289 3100 tant
300 3059 433 3117 pugnam,
445 3051 471 3090 ot
483 3036 515 3090 de
528 3035 753 3088 Turno'sollicita.
766 3037 816 3089 llic
828 3037 934 3108 Jupiter
947 3037 982 3089 ad
994 3039 1183 3105 eam'accedit,
1195 3039 1277 3110 fulve
1326 3059 1327 3066 ¹

228 3142 331 3198 puqnor
342 3121 373 3172 de
385 3117 453 3172 nube
461 3115 581 3167 tuentem
587 3152 597 3180 ,
609 3126 692 3185 utque
704 3116 732 3166 in
745 3116 863 3166 fatorum
872 3115 977 3186 placitis
988 3116 1035 3169 illa
1050 3121 1206 3189 acquiescat
1217 3131 1276 3172 tan·

232 3207 293 3258 dem
304 3204 416 3256 obtinet.
426 3197 486 3264 Quo
499 3197 651 3248 facto-luno
664 3192 727 3246 celo
738 3195 840 3248 excedit
845 3196 992 3268 nubemque
1001 3196 1147 3272 relinquit,
1157 3197 1277 3271 adeoque

230 3283 266 3338 ad
277 3301 353 3336 susm
361 3277 452 3334 sedem
461 3277 490 3328 iu
501 3274 616 3348 Olympo
629 3273 707 3326 redit.

500 3535 864 3628 excussos
900 3493 993 3626 111.

229 3723 284 3790 Dc
296 3719 389 3786 rebus
397 3723 494 3809 gestis
506 3736 541 3784 et
540 3721 629 3804 fistis
640 3715 759 3784 AEneoe
772 3717 849 3784 inde
859 3717 904 3784 ab
916 3717 1061 3785 adoem
1075 3723 1112 3784 in
1125 3718 1275 3799 Italiam,

250 3845 285 3896 et
298 3826 341 3892 de
350 3842 456 3913 poctae
468 3824 609 3912 artifieio
624 3829 659 3888 in
673 3823 724 3888 its
739 3824 833 3890 reboo
846 3822 1027 3891 caenando
1039 3840 1076 3888 et
1086 3827 1255 3893 orrtandt's.

262 3981 325 4045 XII,
341 3977 390 4048 189
401 3992 459 4046 sqq.
477 3973 539 4024 Non
553 3990 600 4046 eqo
617 3991 664 4024 nec
682 3975 788 4028 Teucris
805 3973 887 4029 Italos
905 3956 997 4046 parere
1008 3973 1125 4045 jubeto,
1141 3976 1202 4032 Nec
1213 3978 1277 4035 mili
