2724 4600
226 217 278 334 ³ts
577 271 853 339 axcuasus
876 275 929 338 ι’»

236 395 331 444 mentis
345 392 466 445 humanae
485 392 660 446 imbecillitas.
677 396 736 445 Jam
752 397 842 466 prouti
861 398 934 448 cultu
952 399 1119 470 ingeniorum
1132 415 1177 454 ant
1189 400 1279 470 nullo,

238 473 398 544 natalique,
412 485 457 524 aut
467 473 636 542 exquisitiore
649 473 754 525 imbutae
764 487 826 525 sunt
834 489 939 546 gentes,
950 476 987 528 dii
1000 491 1045 528 aut
1057 479 1168 544 robore,
1181 493 1229 532 aut
1240 499 1280 532 sa-

235 555 349 624 gacitate
362 565 388 604 et
400 551 555 624 prudentia,
570 565 615 603 aut
624 551 720 623 opibus
732 566 758 604 et
769 556 890 624 potentia
902 554 1060 608 excellentes
1072 571 1229 618 occurrunt;
1243 561 1281 610 ita

235 632 270 690 ad
287 651 340 684 snae
353 646 453 686 naturae
466 633 603 683 modulum
615 631 690 704 lingit
701 651 799 684 numen
815 633 932 686 bumana
949 654 1037 702 meus;
1056 655 1163 709 quoque
1176 641 1279 708 seipsa

234 715 380 784 perlectior
391 727 417 764 et
429 713 523 764 divinae
535 712 646 763 similior
658 712 803 783 aliquando
820 716 869 765 erit
883 715 1002 782 reddita,
1014 736 1046 784 eo
1057 721 1163 770 veriora
1176 730 1203 770 et
1219 718 1280 790 dig-

236 795 312 846 niora
325 795 439 845 Numine
452 791 588 863 cogitabit.
604 791 756 842 Secundum
776 793 832 844 haec
853 795 932 846 facile
951 808 991 847 est
1010 796 1046 848 ad
1063 796 1279 870 intelligendum,

237 873 363 944 quamdiu
375 875 490 943 speciem
502 872 597 923 divinae
609 885 710 924 naturae
722 872 757 924 ad
768 871 912 926 humanam
923 880 1107 947 attemperavit
1119 878 1280 946 antiquitas,

236 955 260 1005 ei
274 952 396 1005 debuisse
408 956 560 1024 opinionem
575 953 609 1003 de
621 970 747 1017 occursu,
760 955 929 1024 apparitione
941 967 967 1007 et
979 958 1153 1009 contubernio
1166 957 1280 1024 deorum

236 1033 395 1084 familiarem
405 1051 475 1095 esse;
489 1033 609 1104 inprimis
618 1049 700 1102 quum
707 1032 774 1084 locis
783 1033 865 1099 adeo,
877 1037 964 1100 terris,
973 1049 999 1087 et
1008 1036 1132 1102 urbibus,
1142 1035 1208 1088 deos
1216 1052 1279 1086 suos

235 1112 361 1163 tutelares
374 1117 547 1185 assignarent.
565 1112 686 1164 lmhuere
705 1113 754 1162 ista
773 1115 899 1184 opinione
917 1115 1055 1168 hominum
1071 1119 1172 1168 animos
1193 1115 1279 1183 multo

235 1195 319 1264 magis
334 1191 555 1260 debuitsolitudo
570 1194 640 1242 ruris
651 1209 682 1242 ac
695 1191 832 1254 silvarum
845 1195 912 1244 raris
924 1192 1061 1246 hominum
1075 1190 1241 1254 commerciis
1254 1205 1281 1244 et

235 1271 403 1324 advenarum
414 1271 563 1324 accessibus
576 1292 582 1320 :
597 1282 796 1340 potueruntque
809 1271 882 1324 credi
894 1272 1006 1326 deorum
1017 1275 1118 1345 species
1131 1272 1215 1324 oculis
1223 1271 1280 1348 ¹ob-

233 1353 325 1421 jectae,
338 1353 458 1422 inprimis
469 1350 620 1415 hominum,
634 1351 681 1420 qui
693 1350 817 1421 religioso
830 1364 902 1402 metu
916 1365 1082 1419 tenerentur3
1094 1355 1129 1404 cf.
1140 1351 1235 1423 Odyss.
1248 1372 1280 1412 e,

236 1449 284 1484 aot
295 1450 353 1502 sqq.
363 1433 523 1503 Opinionem
531 1431 604 1482 illam
615 1443 753 1500 acceptam
762 1433 870 1482 retinuit
881 1435 1036 1503 posteritas,
1046 1447 1072 1486 et
1080 1432 1160 1504 vulgo
1170 1443 1280 1483 narrata

235 1516 263 1566 iu
281 1512 438 1564 miraculum
450 1513 530 1562 auxit.
548 1509 637 1576 Quid?
654 1509 726 1580 quod
739 1511 795 1580 ipse
808 1528 894 1562 sermo
906 1511 1045 1564 hominum
1060 1511 1165 1564 rudium
1176 1509 1281 1562 nullam

235 1594 329 1658 aliam,
342 1595 393 1643 uisi
406 1592 440 1643 ab
453 1593 591 1644 oculorum
601 1608 679 1642 sensu
687 1592 812 1661 petitam,
825 1594 942 1662 speciem
954 1592 1064 1644 deorum
1073 1592 1215 1655 admittere
1227 1609 1281 1661 po·

199 1705 201 1711 =
234 1675 298 1735 tuit;
312 1673 438 1744 quodque
453 1674 482 1723 in
500 1671 635 1742 vulgarem
647 1670 814 1740 loquentium
826 1687 904 1722 usum
916 1689 1074 1724 conversum
1086 1671 1139 1722 hoe
1155 1672 1220 1733 luit,
1232 1681 1280 1733 ut,

237 1752 365 1824 quicquid
379 1753 495 1804 evenisse
512 1750 600 1802 dicere
613 1749 724 1812 vellent,
741 1767 756 1799 a
773 1748 824 1801 deo
835 1749 936 1802 lactum
949 1764 976 1802 et
987 1763 1124 1822 peractum
1138 1767 1193 1801 esse
1206 1748 1281 1803 dice-

234 1847 294 1886 rent
305 1857 311 1885 r
323 1832 396 1904 quod
410 1833 510 1884 nemini
522 1849 577 1882 non
590 1831 617 1880 in
629 1831 738 1881 Homeri
754 1828 868 1881 lectione
884 1830 927 1882 vel
939 1849 1086 1902 paucorum
1099 1848 1223 1904 versuum
1233 1846 1281 1878 oc-

236 1931 350 1966 currere.
361 1913 460 1963 debuit.
480 1909 553 1961 Nihil
567 1912 595 1960 in
613 1908 654 1959 his
674 1926 731 1960 esse
747 1908 840 1974 video,
859 1909 931 1980 quod
950 1913 1045 1962 mirum
1064 1909 1149 1961 rideri
1164 1908 1280 1973 debeat,

236 1993 371 2066 quomodo
382 1995 409 2043 in
421 1993 558 2043 hominum
569 1991 670 2042 animos
683 1991 797 2051 venerit;
811 1989 858 2040 sed
868 1991 1003 2061 probabili
1016 1991 1106 2062 aliquo
1113 1988 1219 2059 judicio¹
1227 1987 1280 2038 hu-

233 2076 318 2126 manis
330 2073 442 2144 ingeniis
460 2071 576 2122 insidere
592 2088 623 2121 ea
641 2071 733 2141 opinio
752 2069 852 2140 ubique
871 2081 898 2120 et
912 2073 991 2122 omni.
1004 2083 1121 2142 tempore
1134 2068 1240 2140 debuit,
1253 2078 1281 2119 et

234 2153 322 2206 adhuc
332 2150 428 2202 insidet
440 2148 561 2198 barbaris
571 2148 693 2219 populis,
707 2161 841 2218 quotquot
850 2147 946 2200 divinae
956 2162 1056 2202 naturae
1065 2151 1151 2201 forma
1159 2147 1279 2198 humana

235 2231 337 2282 animos
353 2227 452 2278 habent
470 2225 602 2292 imbutos,
616 2221 699 2277 ¹modo
721 2245 776 2278 non
788 2225 822 2276 ab
836 2231 907 2278 omni
921 2228 1092 2281 humanitatis
1111 2227 1185 2280 cultu
1197 2227 1280 2278 alieni

233 2313 300 2373 sint,
320 2319 365 2358 aut
377 2326 424 2376 per
436 2305 610 2376 hieroglyphe
623 2305 657 2357 ad
670 2306 844 2358 animantium
855 2309 956 2360 formas
971 2309 1088 2362 divinam
1103 2309 1220 2380 speciem
1231 2326 1278 2360 re-

231 2389 367 2448 vocat-inu
381 2387 482 2435 Horum
496 2387 579 2448 enim,
592 2398 622 2435 ut
638 2385 701 2436 olim
715 2387 898 2458 AEgyptiorum
915 2402 942 2442 et
957 2409 1029 2442 nunc
1044 2390 1169 2458 Indorum
1180 2391 1279 2441 menti-

230 2469 294 2532 bus,
308 2485 366 2536 qnae
377 2464 565 2535 phantasmata
577 2482 608 2515 ac
620 2468 721 2535 species
734 2468 786 2517 sint
796 2467 921 2537 objectae,
935 2473 1042 2541 quoties
1056 2471 1121 2523 deos
1135 2471 1255 2542 cogitant
1264 2505 1275 2534 „

230 2547 309 2598 facile
316 2546 505 2614 licet-assequi;
519 2543 618 2596 scilicet
626 2561 679 2595 non
689 2563 768 2614 posse
779 2565 836 2600 esse
846 2549 912 2601 alias
922 2568 1003 2620 quem
1012 2553 1084 2622 ipsas
1094 2551 1152 2603 illas
1162 2553 1277 2614 formas,

235 2642 300 2696 quas
313 2626 340 2675 in
352 2623 456 2694 templis
470 2639 606 2693 expressas
618 2622 740 2676 viderant
752 2647 758 2675 ε
773 2643 826 2696 quo
838 2629 897 2698 ipso
910 2641 1084 2690 necesse'est,
1095 2631 1234 2682 innumere
1243 2631 1276 2680 iis

236 2705 289 2758 alia
299 2725 314 2757 a
326 2716 418 2754 nostro
431 2702 597 2774 percipiendi
608 2716 633 2754 et
646 2705 782 2775 cogitandi
791 2725 864 2760 more
875 2707 978 2761 diversa
991 2721 1017 2760 et
1029 2709 1117 2762 aliena
1126 2728 1277 2775 occurrere,

234 2786 267 2837 de
281 2785 377 2856 quibus
390 2801 438 2835 nos
451 2783 519 2835 male
530 2802 561 2834 ac
571 2801 711 2854 perperam
721 2785 886 2855 judicamus,
899 2807 981 2858 quum
990 2789 1227 2844 easdemnotiones
1236 2808 1279 2840 re·

231 2883 291 2916 rum
304 2865 392 2916 animo
403 2881 457 2913 uon
470 2863 688 2915 circumferimus.
702 2863 786 2917 Graeci
800 2879 888 2932 autem
901 2880 1003 2920 veteres
1017 2868 1196 2940 multomagis
1209 2887 1278 2940 pro-

234 2944 314 2996 clives
328 2944 362 2996 ad
375 2963 433 2997 eam
450 2945 618 3013 opinionem,
631 2956 661 2994 ut
677 2945 742 2998 deos
757 2949 845 3018 specie
861 2947 977 3000 humana
989 2966 1046 3001 esse
1058 2949 1279 3014 crederent,tam·

231 3023 418 3094 plectendam,
439 3039 495 3074 esse
513 3021 643 3088 debuere,
664 3025 882 3096 quandoquidem
892 3027 924 3077 iis
935 3026 988 3078 hoc
998 3041 1126 3098 tanquam
1136 3030 1279 3098 proprium

232 3105 359 3156 tribuitur
371 3104 404 3156 ab
416 3102 553 3155 Herodoto
567 3104 591 3167 Ι,
613 3105 657 3157 131
674 3101 726 3162 rode
738 3102 807 3162 &reric
819 3108 996 3176 ἀνθρωποφυεῖς
1008 3127 1078 3174 esse,
1096 3125 1174 3178 quem
1186 3108 1279 3160 locum
1291 3111 1300 3128 “

233 3197 357 3246 accurate
370 3185 518 3254 expositum
528 3202 614 3254 nuper
624 3183 739 3246 vidimus
752 3185 785 3236 eb
796 3185 865 3238 Abb.
878 3185 996 3236 Fouclter
1004 3188 1031 3236 in
1041 3187 1121 3236 Mem.
1131 3186 1162 3236 de
1172 3183 1276 3240 l’Acud.

232 3262 275 3312 des
284 3262 364 3313 lrrscr.
377 3263 452 3312 Tem.
463 3263 561 3313 XXXV
574 3282 614 3333 pr.
631 3264 652 3314 F
653 3264 748 3316 irmsta
761 3276 800 3316 est
810 3283 842 3316 ea
858 3265 963 3335 opinio,
976 3277 1002 3315 et
1014 3265 1041 3314 in
1055 3263 1176 3315 habitum
1191 3268 1278 3321 animi

232 3337 346 3389 deducta
357 3357 406 3408 per
413 3341 487 3408 signa
497 3339 608 3392 deorum
619 3343 647 3392 in
657 3342 726 3393 fanis
736 3353 762 3393 et
771 3341 874 3392 sacellis
884 3340 978 3402 obvia;
992 3357 1126 3410 quumque
1137 3341 1172 3392 ab
1180 3344 1276 3397 eadem

232 3417 358 3485 opinione
372 3434 480 3466 suorum
490 3436 601 3488 operum
613 3432 756 3490 protypum
769 3437 812 3470 ars
825 3419 984 3487 accepisset,
995 3435 1109 3488 moxque
1121 3419 1200 3472 docte
1217 3423 1276 3475 ele-

231 3495 366 3558 borasset,
379 3494 490 3546 deorum
500 3501 602 3567 species
612 3499 647 3550 ad
659 3517 765 3551 summae
776 3498 886 3566 alicujus
896 3497 1103 3567 pulchritudiuis
1113 3501 1228 3570 speciem
1236 3515 1276 3554 est

232 3572 402 3638 adumbrata,
420 3588 492 3625 certo
511 3580 593 3630 aetatis
609 3591 635 3628 et
651 3577 812 3628 characteris
833 3575 984 3631 discrimine
1002 3580 1113 3632 variata.
1133 3580 1274 3634 Profecere

175 3693 177 3700 ,
231 3653 329 3702 iterum
335 3671 366 3703 ex
377 3656 440 3704 artis
450 3658 574 3724 profectu
585 3669 685 3726 poetae,
699 3658 735 3708 ita
745 3669 775 3706 ut
786 3676 810 3707 v.
825 3676 847 3708 c.
860 3657 979 3730 Apollini
992 3673 1017 3711 et
1030 3658 1134 3711 Ba'rcho
1143 3663 1274 3731 promissa

232 3748 323 3795 coma,
335 3731 395 3802 Jovi
408 3734 460 3782 oris
472 3737 610 3804 majestas,
625 3738 699 3786 etsie
710 3754 792 3806 porro
807 3736 865 3788 aliis
878 3737 928 3788 diis
940 3739 1006 3808 alia,
1017 3759 1067 3810 per
1078 3757 1173 3792 omnes,
1183 3752 1274 3792 aetates

232 3822 384 3864 constarent
397 3815 465 3865 iuter
474 3828 568 3885 poetas
577 3835 650 3886 aeque
661 3829 687 3867 et
699 3816 821 3870 artifices.
835 3820 906 3882 conf.
916 3819 1170 3872 Commentationem
1178 3819 1275 3889 defor-

150 3929 154 3934 .
232 3888 281 3940 mis
293 3889 398 3941 deorum
414 3893 520 3945 Grtrcioe
536 3913 678 3966 earumque
689 3897 838 3950 artctoribus
849 3900 924 3966 Tam.
937 3900 996 3950 Vlll
1013 3899 1198 3952 Commentatt.
1212 3900 1274 3950 Soc.

230 3965 347 4039 Gottiug.
361 3971 448 4024 Poetis
462 3984 550 4026 autem
562 3973 629 4026 nihil
639 3976 788 4048 exoptatius
799 3994 856 4034 esse
867 3989 986 4052 poterat,
1000 3996 1080 4052 qnam
1092 3979 1196 4050 species.
1208 3976 1275 4036 deo-
