<?xml version="1.0" encoding="UTF-8"?>
<!DOCTYPE html PUBLIC "-//W3C//DTD XHTML 1.0 Transitional//EN"
    "http://www.w3.org/TR/xhtml1/DTD/xhtml1-transitional.dtd">
<html xmlns="http://www.w3.org/1999/xhtml" xml:lang="en" lang="en">
 <head>
  <title>
</title>
<meta http-equiv="Content-Type" content="text/html;charset=utf-8" />
  <meta name='ocr-system' content='tesseract 3.04.00' />
  <meta name='ocr-capabilities' content='ocr_page ocr_carea ocr_par ocr_line ocrx_word'/>
</head>
<body>
  <div class='ocr_page' id='page_1' title='image "./pvirgiliusmaroq03barbgoog_0354.png"; bbox 0 0 2718 4594; ppageno 0'>
   <div class='ocr_carea' id='block_1_1' title="bbox 233 339 1024 431">
    <p class='ocr_par' dir='ltr' id='par_1_1' title="bbox 233 339 1024 431">
     <span class='ocr_line' id='line_1_1' title="bbox 233 339 1024 431; baseline -0.004 -16"><span class='ocrx_word' id='word_1_1' title='bbox 233 348 297 431; x_wconf 69' lang='lat'><strong>342</strong></span> <span class='ocrx_word' id='word_1_2' title='bbox 479 347 516 410; x_wconf 80' lang='grc' dir='ltr'><strong>Ρ,</strong></span> <span class='ocrx_word' id='word_1_3' title='bbox 538 343 770 408; x_wconf 78' lang='lat' dir='ltr'><strong>vrnetnn</strong></span> <span class='ocrx_word' id='word_1_4' title='bbox 792 339 1024 412; x_wconf 76' lang='lat' dir='ltr'><strong>Mtuotvrs</strong></span> 
     </span>
    </p>
   </div>
   <div class='ocr_carea' id='block_1_2' title="bbox 230 465 1336 1508">
    <p class='ocr_par' dir='ltr' id='par_1_2' title="bbox 231 465 1031 560">
     <span class='ocr_line' id='line_1_2' title="bbox 231 465 1031 560; baseline -0.006 -25"><span class='ocrx_word' id='word_1_5' title='bbox 231 470 438 560; x_wconf 63' lang='lat' dir='ltr'><strong>Insequitur,</strong></span> <span class='ocrx_word' id='word_1_6' title='bbox 447 467 555 532; x_wconf 88' lang='lat' dir='ltr'><strong>solum</strong></span> <span class='ocrx_word' id='word_1_7' title='bbox 567 465 669 530; x_wconf 87' lang='lat' dir='ltr'><strong>densa</strong></span> <span class='ocrx_word' id='word_1_8' title='bbox 680 467 715 530; x_wconf 91' lang='lat' dir='ltr'><strong>in</strong></span> <span class='ocrx_word' id='word_1_9' title='bbox 728 465 865 553; x_wconf 84' lang='lat' dir='ltr'><strong>caligine</strong></span> <span class='ocrx_word' id='word_1_10' title='bbox 877 467 1031 530; x_wconf 89' lang='lat' dir='ltr'><strong>Turnum</strong></span> 
     </span>
    </p>

    <p class='ocr_par' dir='ltr' id='par_1_3' title="bbox 230 571 1030 663">
     <span class='ocr_line' id='line_1_3' title="bbox 230 571 1030 663; baseline -0.009 -22"><span class='ocrx_word' id='word_1_11' title='bbox 230 575 378 663; x_wconf 85' lang='lat' dir='ltr'><strong>Vestigat</strong></span> <span class='ocrx_word' id='word_1_12' title='bbox 388 575 543 651; x_wconf 82' lang='lat' dir='ltr'><strong>lustrans,</strong></span> <span class='ocrx_word' id='word_1_13' title='bbox 557 571 665 637; x_wconf 89' lang='lat' dir='ltr'><strong>solum</strong></span> <span class='ocrx_word' id='word_1_14' title='bbox 677 571 711 634; x_wconf 92' lang='lat' dir='ltr'><strong>in</strong></span> <span class='ocrx_word' id='word_1_15' title='bbox 723 573 900 635; x_wconf 89' lang='lat' dir='ltr'><strong>certamina</strong></span> <span class='ocrx_word' id='word_1_16' title='bbox 912 573 1030 659; x_wconf 77' lang='lat' dir='ltr'><strong>poscit.</strong></span> 
     </span>
    </p>

    <p class='ocr_par' dir='ltr' id='par_1_4' title="bbox 232 677 1012 764">
     <span class='ocr_line' id='line_1_4' title="bbox 232 677 1012 764; baseline -0.008 -17"><span class='ocrx_word' id='word_1_17' title='bbox 232 684 305 747; x_wconf 90' lang='lat' dir='ltr'><strong>Hoc</strong></span> <span class='ocrx_word' id='word_1_18' title='bbox 317 703 475 746; x_wconf 86' lang='lat' dir='ltr'><strong>concussa</strong></span> <span class='ocrx_word' id='word_1_19' title='bbox 487 694 577 742; x_wconf 89' lang='lat' dir='ltr'><strong>metu</strong></span> <span class='ocrx_word' id='word_1_20' title='bbox 590 692 735 740; x_wconf 79' lang='lat' dir='ltr'><strong>mentem</strong></span> <span class='ocrx_word' id='word_1_21' title='bbox 747 677 887 739; x_wconf 83' lang='lat' dir='ltr'><strong>lutuma</strong></span> <span class='ocrx_word' id='word_1_22' title='bbox 899 677 1012 764; x_wconf 88' lang='lat' dir='ltr'><strong>virago</strong></span> 
     </span>
    </p>

    <p class='ocr_par' dir='ltr' id='par_1_5' title="bbox 231 780 991 873">
     <span class='ocr_line' id='line_1_5' title="bbox 231 780 991 873; baseline -0.011 -21"><span class='ocrx_word' id='word_1_23' title='bbox 231 787 386 873; x_wconf 75' lang='lat' dir='ltr'>Aurigam</span> <span class='ocrx_word' id='word_1_24' title='bbox 398 786 506 849; x_wconf 86' lang='lat' dir='ltr'><strong>Turni</strong></span> <span class='ocrx_word' id='word_1_25' title='bbox 516 780 625 846; x_wconf 89' lang='lat' dir='ltr'><strong>media</strong></span> <span class='ocrx_word' id='word_1_26' title='bbox 636 782 722 845; x_wconf 87' lang='lat' dir='ltr'><strong>inter</strong></span> <span class='ocrx_word' id='word_1_27' title='bbox 732 781 802 845; x_wconf 88' lang='lat' dir='ltr'><strong>lora</strong></span> <span class='ocrx_word' id='word_1_28' title='bbox 814 781 991 846; x_wconf 82' lang='lat' dir='ltr'><strong>Metiscum</strong></span> 
     </span>
    </p>

    <p class='ocr_par' dir='ltr' id='par_1_6' title="bbox 232 885 1278 1087">
     <span class='ocr_line' id='line_1_6' title="bbox 232 885 1278 977; baseline -0.013 -19"><span class='ocrx_word' id='word_1_29' title='bbox 232 891 378 968; x_wconf 83' lang='lat' dir='ltr'>Excutit,</span> <span class='ocrx_word' id='word_1_30' title='bbox 393 908 425 955; x_wconf 89' lang='lat' dir='ltr'><strong>et</strong></span> <span class='ocrx_word' id='word_1_31' title='bbox 437 891 535 977; x_wconf 89' lang='lat' dir='ltr'><strong>longe</strong></span> <span class='ocrx_word' id='word_1_32' title='bbox 547 889 676 976; x_wconf 88' lang='lat' dir='ltr'><strong>lapsum</strong></span> <span class='ocrx_word' id='word_1_33' title='bbox 688 904 823 950; x_wconf 88' lang='lat' dir='ltr'><strong>temone</strong></span> <span class='ocrx_word' id='word_1_34' title='bbox 833 885 1009 974; x_wconf 63' lang='lat' dir='ltr'><strong>relinquit,</strong></span> <span class='ocrx_word' id='word_1_35' title='bbox 1235 897 1278 960; x_wconf 66' lang='lat'><strong>470</strong></span> 
     </span>
     <span class='ocr_line' id='line_1_7' title="bbox 233 990 1106 1087; baseline -0.009 -23"><span class='ocrx_word' id='word_1_36' title='bbox 233 1003 308 1087; x_wconf 87' lang='lat' dir='ltr'><strong>Ipsa</strong></span> <span class='ocrx_word' id='word_1_37' title='bbox 321 997 422 1076; x_wconf 87' lang='lat' dir='ltr'>subit,</span> <span class='ocrx_word' id='word_1_38' title='bbox 436 994 653 1082; x_wconf 86' lang='lat' dir='ltr'><strong>manibusque</strong></span> <span class='ocrx_word' id='word_1_39' title='bbox 666 990 820 1056; x_wconf 89' lang='lat' dir='ltr'><strong>undantis</strong></span> <span class='ocrx_word' id='word_1_40' title='bbox 832 991 935 1057; x_wconf 86' lang='lat' dir='ltr'><strong>flectit</strong></span> <span class='ocrx_word' id='word_1_41' title='bbox 946 991 1106 1071; x_wconf 86' lang='lat' dir='ltr'><strong>habenas,</strong></span> 
     </span>
    </p>

    <p class='ocr_par' dir='ltr' id='par_1_7' title="bbox 233 1097 1210 1299">
     <span class='ocr_line' id='line_1_8' title="bbox 234 1097 1210 1191; baseline -0.009 -22"><span class='ocrx_word' id='word_1_42' title='bbox 234 1107 359 1170; x_wconf 86' lang='lat' dir='ltr'><strong>Cuncta</strong></span> <span class='ocrx_word' id='word_1_43' title='bbox 373 1125 504 1191; x_wconf 90' lang='lat' dir='ltr'><strong>gerens,</strong></span> <span class='ocrx_word' id='word_1_44' title='bbox 518 1121 715 1187; x_wconf 88' lang='lat' dir='ltr'><strong>vocemque,</strong></span> <span class='ocrx_word' id='word_1_45' title='bbox 729 1114 762 1161; x_wconf 89' lang='lat' dir='ltr'><strong>et</strong></span> <span class='ocrx_word' id='word_1_46' title='bbox 773 1120 907 1186; x_wconf 88' lang='lat' dir='ltr'><strong>corpus,</strong></span> <span class='ocrx_word' id='word_1_47' title='bbox 921 1114 954 1164; x_wconf 88' lang='lat' dir='ltr'><strong>et</strong></span> <span class='ocrx_word' id='word_1_48' title='bbox 965 1121 1055 1162; x_wconf 86' lang='lat' dir='ltr'><strong>arma</strong></span> <span class='ocrx_word' id='word_1_49' title='bbox 1065 1097 1210 1163; x_wconf 86' lang='lat' dir='ltr'><strong>Metisci.</strong></span> 
     </span>
     <span class='ocr_line' id='line_1_9' title="bbox 233 1202 1051 1299; baseline -0.01 -23"><span class='ocrx_word' id='word_1_50' title='bbox 233 1213 335 1299; x_wconf 84' lang='lat' dir='ltr'><strong>Nigra</strong></span> <span class='ocrx_word' id='word_1_51' title='bbox 345 1209 436 1275; x_wconf 89' lang='lat' dir='ltr'><strong>velut</strong></span> <span class='ocrx_word' id='word_1_52' title='bbox 447 1229 580 1295; x_wconf 86' lang='lat' dir='ltr'><strong>magnas</strong></span> <span class='ocrx_word' id='word_1_53' title='bbox 594 1204 720 1268; x_wconf 90' lang='lat' dir='ltr'><strong>domini</strong></span> <span class='ocrx_word' id='word_1_54' title='bbox 733 1227 837 1295; x_wconf 90' lang='lat' dir='ltr'><strong>quum</strong></span> <span class='ocrx_word' id='word_1_55' title='bbox 849 1203 959 1268; x_wconf 90' lang='lat' dir='ltr'><strong>divitis</strong></span> <span class='ocrx_word' id='word_1_56' title='bbox 972 1202 1051 1268; x_wconf 84' lang='lat' dir='ltr'><strong>aedis</strong></span> 
     </span>
    </p>

    <p class='ocr_par' dir='ltr' id='par_1_8' title="bbox 233 1308 1108 1402">
     <span class='ocr_line' id='line_1_10' title="bbox 233 1308 1108 1402; baseline -0.01 -20"><span class='ocrx_word' id='word_1_57' title='bbox 233 1315 398 1393; x_wconf 82' lang='lat' dir='ltr'>Pervolat,</span> <span class='ocrx_word' id='word_1_58' title='bbox 415 1329 447 1378; x_wconf 88' lang='lat' dir='ltr'><strong>et</strong></span> <span class='ocrx_word' id='word_1_59' title='bbox 458 1313 577 1402; x_wconf 87' lang='lat' dir='ltr'><strong>pennis</strong></span> <span class='ocrx_word' id='word_1_60' title='bbox 589 1311 653 1376; x_wconf 89' lang='lat' dir='ltr'><strong>alta</strong></span> <span class='ocrx_word' id='word_1_61' title='bbox 664 1311 745 1374; x_wconf 85' lang='lat' dir='ltr'><strong>atria</strong></span> <span class='ocrx_word' id='word_1_62' title='bbox 756 1311 872 1375; x_wconf 88' lang='lat' dir='ltr'><strong>lustrat</strong></span> <span class='ocrx_word' id='word_1_63' title='bbox 878 1308 1043 1388; x_wconf 78' lang='lat' dir='ltr'><strong>hirundo,</strong></span> <span class='ocrx_word' id='word_1_64' title='bbox 1105 1385 1108 1392; x_wconf 38' lang='lat'>,</span> 
     </span>
    </p>

    <p class='ocr_par' dir='ltr' id='par_1_9' title="bbox 234 1415 1336 1508">
     <span class='ocr_line' id='line_1_11' title="bbox 234 1415 1336 1508; baseline -0.014 -21"><span class='ocrx_word' id='word_1_65' title='bbox 234 1421 357 1487; x_wconf 89' lang='lat' dir='ltr'><strong>Pabula</strong></span> <span class='ocrx_word' id='word_1_66' title='bbox 369 1442 469 1508; x_wconf 84' lang='lat' dir='ltr'><strong>parva</strong></span> <span class='ocrx_word' id='word_1_67' title='bbox 480 1419 607 1506; x_wconf 87' lang='lat' dir='ltr'><strong>legens,</strong></span> <span class='ocrx_word' id='word_1_68' title='bbox 620 1415 774 1505; x_wconf 85' lang='lat' dir='ltr'><strong>nidisque</strong></span> <span class='ocrx_word' id='word_1_69' title='bbox 786 1415 980 1506; x_wconf 84' lang='lat' dir='ltr'><strong>loquacibus</strong></span> <span class='ocrx_word' id='word_1_70' title='bbox 993 1437 1098 1496; x_wconf 79' lang='lat' dir='ltr'><strong>escas3</strong></span> <span class='ocrx_word' id='word_1_71' title='bbox 1238 1427 1279 1490; x_wconf 74' lang='lat'><strong>475</strong></span> <span class='ocrx_word' id='word_1_72' title='bbox 1335 1479 1336 1500; x_wconf 25' lang='lat'>1</span> 
     </span>
    </p>
   </div>
   <div class='ocr_carea' id='block_1_3' title="bbox 235 1589 1336 2227">
    <p class='ocr_par' dir='ltr' id='par_1_10' title="bbox 235 1589 1336 2227">
     <span class='ocr_line' id='line_1_12' title="bbox 266 1589 1280 1660; baseline -0.011 -14"><span class='ocrx_word' id='word_1_73' title='bbox 266 1599 320 1656; x_wconf 72' lang='lat'><strong>466.</strong></span> <span class='ocrx_word' id='word_1_74' title='bbox 334 1599 402 1644; x_wconf 78' lang='lat' dir='ltr'><strong>derue</strong></span> <span class='ocrx_word' id='word_1_75' title='bbox 413 1598 509 1642; x_wconf 81' lang='lat' dir='ltr'><strong>Roman.</strong></span> <span class='ocrx_word' id='word_1_76' title='bbox 524 1599 547 1641; x_wconf 82' lang='lat' dir='ltr'><strong>in</strong></span> <span class='ocrx_word' id='word_1_77' title='bbox 558 1597 638 1642; x_wconf 81' lang='lat' dir='ltr'><strong>aberat</strong></span> <span class='ocrx_word' id='word_1_78' title='bbox 649 1594 749 1642; x_wconf 79' lang='lat' dir='ltr'><strong>Gorban.</strong></span> <span class='ocrx_word' id='word_1_79' title='bbox 765 1612 802 1660; x_wconf 88' lang='lat' dir='ltr'><strong>pr.</strong></span> <span class='ocrx_word' id='word_1_80' title='bbox 815 1598 892 1660; x_wconf 82' lang='lat' dir='ltr'><strong>Sprot.</strong></span> <span class='ocrx_word' id='word_1_81' title='bbox 910 1608 933 1642; x_wconf 87' lang='lat' dir='ltr'><strong>et</strong></span> <span class='ocrx_word' id='word_1_82' title='bbox 948 1591 1002 1643; x_wconf 89' lang='lat' dir='ltr'><strong>edd.</strong></span> <span class='ocrx_word' id='word_1_83' title='bbox 1015 1605 1072 1642; x_wconf 86' lang='lat' dir='ltr'><strong>vett.</strong></span> <span class='ocrx_word' id='word_1_84' title='bbox 1089 1609 1127 1656; x_wconf 91' lang='lat' dir='ltr'><strong>pr.</strong></span> <span class='ocrx_word' id='word_1_85' title='bbox 1147 1604 1171 1639; x_wconf 86' lang='lat' dir='ltr'><strong>et</strong></span> <span class='ocrx_word' id='word_1_86' title='bbox 1185 1589 1280 1638; x_wconf 76' lang='lat' dir='ltr'><strong>bladini,</strong></span> 
     </span>
     <span class='ocr_line' id='line_1_13' title="bbox 235 1663 1280 1734; baseline -0.01 -17"><span class='ocrx_word' id='word_1_87' title='bbox 235 1697 267 1708; x_wconf 89' lang='lat'>-</span> <span class='ocrx_word' id='word_1_88' title='bbox 279 1670 332 1734; x_wconf 73' lang='grc'>667.</span> <span class='ocrx_word' id='word_1_89' title='bbox 346 1674 370 1714; x_wconf 80' lang='lat' dir='ltr'><strong>in</strong></span> <span class='ocrx_word' id='word_1_90' title='bbox 385 1673 505 1716; x_wconf 76' lang='lat' dir='ltr'><strong>certamine</strong></span> <span class='ocrx_word' id='word_1_91' title='bbox 516 1681 562 1714; x_wconf 83' lang='lat' dir='ltr'><strong>sec.</strong></span> <span class='ocrx_word' id='word_1_92' title='bbox 576 1665 702 1730; x_wconf 86' lang='lat' dir='ltr'><strong>Hamburg.</strong></span> <span class='ocrx_word' id='word_1_93' title='bbox 718 1693 749 1704; x_wconf 91' lang='lat'>-</span> <span class='ocrx_word' id='word_1_94' title='bbox 766 1667 820 1724; x_wconf 71' lang='lat'><strong>468.</strong></span> <span class='ocrx_word' id='word_1_95' title='bbox 836 1671 895 1715; x_wconf 78' lang='lat' dir='ltr'><strong>Hinc</strong></span> <span class='ocrx_word' id='word_1_96' title='bbox 910 1667 1010 1730; x_wconf 89' lang='lat' dir='ltr'><strong>Oblong.</strong></span> <span class='ocrx_word' id='word_1_97' title='bbox 1028 1668 1108 1712; x_wconf 88' lang='lat' dir='ltr'><strong>Pierii.</strong></span> <span class='ocrx_word' id='word_1_98' title='bbox 1124 1665 1183 1710; x_wconf 84' lang='lat' dir='ltr'><strong>Hoec</strong></span> <span class='ocrx_word' id='word_1_99' title='bbox 1196 1663 1235 1710; x_wconf 85' lang='lat' dir='ltr'><strong>alii</strong></span> <span class='ocrx_word' id='word_1_100' title='bbox 1246 1679 1280 1724; x_wconf 89' lang='lat' dir='ltr'><strong>ap.</strong></span> 
     </span>
     <span class='ocr_line' id='line_1_14' title="bbox 235 1737 1280 1799; baseline -0.011 -11"><span class='ocrx_word' id='word_1_101' title='bbox 235 1744 296 1788; x_wconf 85' lang='lat' dir='ltr'><strong>Pier.</strong></span> <span class='ocrx_word' id='word_1_102' title='bbox 308 1742 353 1786; x_wconf 83' lang='lat' dir='ltr'><strong>Hic</strong></span> <span class='ocrx_word' id='word_1_103' title='bbox 364 1740 468 1786; x_wconf 86' lang='lat' dir='ltr'><strong>Parrbas.</strong></span> <span class='ocrx_word' id='word_1_104' title='bbox 481 1751 505 1786; x_wconf 85' lang='lat' dir='ltr'><strong>et</strong></span> <span class='ocrx_word' id='word_1_105' title='bbox 516 1741 576 1785; x_wconf 81' lang='lat' dir='ltr'><strong>Vsu.</strong></span> <span class='ocrx_word' id='word_1_106' title='bbox 586 1754 606 1785; x_wconf 85' lang='lat' dir='ltr'><strong>c.</strong></span> <span class='ocrx_word' id='word_1_107' title='bbox 619 1753 688 1784; x_wconf 76' lang='lat' dir='ltr'><strong>manu</strong></span> <span class='ocrx_word' id='word_1_108' title='bbox 700 1738 801 1784; x_wconf 83' lang='lat' dir='ltr'><strong>Gotban.</strong></span> <span class='ocrx_word' id='word_1_109' title='bbox 812 1751 865 1785; x_wconf 83' lang='lat' dir='ltr'><strong>tert.</strong></span> <span class='ocrx_word' id='word_1_110' title='bbox 883 1765 914 1775; x_wconf 97' lang='lat'>-</span> <span class='ocrx_word' id='word_1_111' title='bbox 929 1737 982 1799; x_wconf 66' lang='grc'>569.</span> <span class='ocrx_word' id='word_1_112' title='bbox 994 1739 1115 1784; x_wconf 71' lang='lat' dir='ltr'><strong>Metiscum</strong></span> <span class='ocrx_word' id='word_1_113' title='bbox 1122 1743 1280 1781; x_wconf 74' lang='lat' dir='ltr'><strong>tuensruvett.</strong></span> 
     </span>
     <span class='ocr_line' id='line_1_15' title="bbox 237 1791 1336 1870; baseline -0.009 -14"><span class='ocrx_word' id='word_1_114' title='bbox 237 1810 291 1857; x_wconf 88' lang='lat' dir='ltr'><strong>edd.</strong></span> <span class='ocrx_word' id='word_1_115' title='bbox 310 1822 333 1856; x_wconf 83' lang='lat' dir='ltr'><strong>et</strong></span> <span class='ocrx_word' id='word_1_116' title='bbox 351 1808 419 1856; x_wconf 86' lang='lat' dir='ltr'>codd.</span> <span class='ocrx_word' id='word_1_117' title='bbox 440 1825 493 1855; x_wconf 89' lang='lat' dir='ltr'><strong>cum</strong></span> <span class='ocrx_word' id='word_1_118' title='bbox 512 1809 670 1854; x_wconf 77' lang='lat' dir='ltr'><strong>Grammaticis</strong></span> <span class='ocrx_word' id='word_1_119' title='bbox 689 1809 752 1870; x_wconf 88' lang='lat' dir='ltr'><strong>apud</strong></span> <span class='ocrx_word' id='word_1_120' title='bbox 765 1810 844 1856; x_wconf 84' lang='lat' dir='ltr'><strong>Heius.</strong></span> <span class='ocrx_word' id='word_1_121' title='bbox 865 1809 932 1855; x_wconf 88' lang='lat' dir='ltr'><strong>Solus</strong></span> <span class='ocrx_word' id='word_1_122' title='bbox 952 1807 1088 1870; x_wconf 74' lang='lat' dir='ltr'><strong>Fulgentius</strong></span> <span class='ocrx_word' id='word_1_123' title='bbox 1099 1807 1130 1851; x_wconf 89' lang='lat' dir='ltr'><strong>de</strong></span> <span class='ocrx_word' id='word_1_124' title='bbox 1142 1805 1283 1850; x_wconf 86' lang='lat' dir='ltr'><strong>continentia</strong></span> <span class='ocrx_word' id='word_1_125' title='bbox 1335 1791 1336 1822; x_wconf 73' lang='lat' dir='ltr'><strong>t</strong></span> 
     </span>
     <span class='ocr_line' id='line_1_16' title="bbox 237 1871 1336 1940; baseline -0.01 -15"><span class='ocrx_word' id='word_1_126' title='bbox 237 1878 396 1938; x_wconf 69' lang='lat' dir='ltr'><strong>Metbyscum,</strong></span> <span class='ocrx_word' id='word_1_127' title='bbox 412 1875 552 1932; x_wconf 76' lang='lat' dir='ltr'><strong>MlSmor,</strong></span> <span class='ocrx_word' id='word_1_128' title='bbox 569 1880 748 1940; x_wconf 80' lang='lat' dir='ltr'><strong>interpretatur,</strong></span> <span class='ocrx_word' id='word_1_129' title='bbox 767 1879 892 1924; x_wconf 84' lang='lat' dir='ltr'><strong>ebriosum.</strong></span> <span class='ocrx_word' id='word_1_130' title='bbox 906 1895 927 1924; x_wconf 90' lang='lat' dir='ltr'><strong>v.</strong></span> <span class='ocrx_word' id='word_1_131' title='bbox 941 1877 971 1922; x_wconf 84' lang='lat' dir='ltr'><strong>ad</strong></span> <span class='ocrx_word' id='word_1_132' title='bbox 982 1878 1068 1922; x_wconf 82' lang='lat' dir='ltr'><strong>Auson.</strong></span> <span class='ocrx_word' id='word_1_133' title='bbox 1081 1877 1156 1937; x_wconf 82' lang='lat' dir='ltr'><strong>Epist.</strong></span> <span class='ocrx_word' id='word_1_134' title='bbox 1169 1875 1233 1928; x_wconf 83' lang='lat' dir='ltr'><strong>XIV,</strong></span> <span class='ocrx_word' id='word_1_135' title='bbox 1249 1871 1280 1915; x_wconf 80' lang='lat'><strong>16.</strong></span> <span class='ocrx_word' id='word_1_136' title='bbox 1335 1921 1336 1930; x_wconf 13' lang='grc' dir='ltr'>γ</span> 
     </span>
     <span class='ocr_line' id='line_1_17' title="bbox 236 1941 1336 2013; baseline -0.002 -27"><span class='ocrx_word' id='word_1_137' title='bbox 236 1948 334 2011; x_wconf 68' lang='lat' dir='ltr'><strong>-1i7⁰·</strong></span> <span class='ocrx_word' id='word_1_138' title='bbox 351 1948 415 2013; x_wconf 74' lang='lat' dir='ltr'><strong>longo</strong></span> <span class='ocrx_word' id='word_1_139' title='bbox 431 1947 529 1994; x_wconf 88' lang='lat' dir='ltr'><strong>Dorvill.</strong></span> <span class='ocrx_word' id='word_1_140' title='bbox 548 1946 637 2010; x_wconf 84' lang='lat' dir='ltr'><strong>lapsum</strong></span> <span class='ocrx_word' id='word_1_141' title='bbox 650 1965 672 1992; x_wconf 83' lang='lat' dir='ltr'><strong>a.</strong></span> <span class='ocrx_word' id='word_1_142' title='bbox 692 1957 707 1992; x_wconf 92' lang='lat' dir='ltr'><strong>t.</strong></span> <span class='ocrx_word' id='word_1_143' title='bbox 725 1947 794 1992; x_wconf 88' lang='lat' dir='ltr'><strong>Goth.</strong></span> <span class='ocrx_word' id='word_1_144' title='bbox 812 1960 865 1996; x_wconf 82' lang='lat' dir='ltr'><strong>tert.</strong></span> <span class='ocrx_word' id='word_1_145' title='bbox 878 1947 967 2012; x_wconf 61' lang='lat' dir='ltr'><strong>reliquit</strong></span> <span class='ocrx_word' id='word_1_146' title='bbox 978 1948 1056 1992; x_wconf 82' lang='lat' dir='ltr'><strong>Heius.</strong></span> <span class='ocrx_word' id='word_1_147' title='bbox 1069 1943 1143 1990; x_wconf 84' lang='lat' dir='ltr'>codd.</span> <span class='ocrx_word' id='word_1_148' title='bbox 1154 1968 1188 1978; x_wconf 96' lang='lat'><em>-</em></span> <span class='ocrx_word' id='word_1_149' title='bbox 1199 1941 1251 2004; x_wconf 71' lang='lat'><strong>472.</strong></span> <span class='ocrx_word' id='word_1_150' title='bbox 1263 1949 1283 1984; x_wconf 83' lang='lat' dir='ltr'><strong>et</strong></span> <span class='ocrx_word' id='word_1_151' title='bbox 1335 1941 1336 1968; x_wconf 60' lang='lat' dir='ltr'><strong>i</strong></span> 
     </span>
     <span class='ocr_line' id='line_1_18' title="bbox 236 2013 1284 2082; baseline -0.01 -16"><span class='ocrx_word' id='word_1_152' title='bbox 236 2035 313 2068; x_wconf 81' lang='lat' dir='ltr'><strong>uocem</strong></span> <span class='ocrx_word' id='word_1_153' title='bbox 324 2019 412 2066; x_wconf 86' lang='lat' dir='ltr'><strong>Zulicb.</strong></span> <span class='ocrx_word' id='word_1_154' title='bbox 425 2045 457 2055; x_wconf 95' lang='lat'><em>-</em></span> <span class='ocrx_word' id='word_1_155' title='bbox 466 2017 519 2081; x_wconf 71' lang='grc'><strong>474,</strong></span> <span class='ocrx_word' id='word_1_156' title='bbox 534 2028 557 2064; x_wconf 82' lang='lat' dir='ltr'><strong>et</strong></span> <span class='ocrx_word' id='word_1_157' title='bbox 566 2022 646 2081; x_wconf 78' lang='lat' dir='ltr'><strong>pennis</strong></span> <span class='ocrx_word' id='word_1_158' title='bbox 657 2031 765 2065; x_wconf 73' lang='lat' dir='ltr'><strong>constans</strong></span> <span class='ocrx_word' id='word_1_159' title='bbox 780 2018 839 2064; x_wconf 88' lang='lat' dir='ltr'><strong>libb.</strong></span> <span class='ocrx_word' id='word_1_160' title='bbox 856 2022 996 2082; x_wconf 82' lang='lat' dir='ltr'><strong>scriptorum</strong></span> <span class='ocrx_word' id='word_1_161' title='bbox 1012 2029 1036 2063; x_wconf 86' lang='lat' dir='ltr'><strong>et</strong></span> <span class='ocrx_word' id='word_1_162' title='bbox 1049 2015 1103 2062; x_wconf 88' lang='lat' dir='ltr'><strong>edd.</strong></span> <span class='ocrx_word' id='word_1_163' title='bbox 1122 2013 1202 2060; x_wconf 84' lang='lat' dir='ltr'><strong>lectio.</strong></span> <span class='ocrx_word' id='word_1_164' title='bbox 1214 2016 1284 2075; x_wconf 73' lang='lat' dir='ltr'><strong>pirum</strong></span> 
     </span>
     <span class='ocr_line' id='line_1_19' title="bbox 236 2084 1281 2154; baseline -0.011 -17"><span class='ocrx_word' id='word_1_165' title='bbox 236 2089 278 2137; x_wconf 77' lang='lat' dir='ltr'><strong>Ed.</strong></span> <span class='ocrx_word' id='word_1_166' title='bbox 289 2093 354 2136; x_wconf 80' lang='lat' dir='ltr'><strong>lunt.</strong></span> <span class='ocrx_word' id='word_1_167' title='bbox 360 2105 446 2154; x_wconf 73' lang='lat' dir='ltr'><strong>penum</strong></span> <span class='ocrx_word' id='word_1_168' title='bbox 454 2089 512 2136; x_wconf 89' lang='lat' dir='ltr'><strong>alter</strong></span> <span class='ocrx_word' id='word_1_169' title='bbox 522 2089 614 2152; x_wconf 83' lang='lat' dir='ltr'><strong>Menag.</strong></span> <span class='ocrx_word' id='word_1_170' title='bbox 623 2093 704 2152; x_wconf 74' lang='lat' dir='ltr'><strong>pernix</strong></span> <span class='ocrx_word' id='word_1_171' title='bbox 713 2106 758 2136; x_wconf 82' lang='lat' dir='ltr'><strong>sec.</strong></span> <span class='ocrx_word' id='word_1_172' title='bbox 770 2089 880 2136; x_wconf 83' lang='lat' dir='ltr'><strong>Rottend.</strong></span> <span class='ocrx_word' id='word_1_173' title='bbox 890 2092 980 2154; x_wconf 82' lang='lat' dir='ltr'><strong>penitus</strong></span> <span class='ocrx_word' id='word_1_174' title='bbox 987 2087 1092 2133; x_wconf 80' lang='lat' dir='ltr'><strong>Parrbas.</strong></span> <span class='ocrx_word' id='word_1_175' title='bbox 1099 2119 1106 2141; x_wconf 93' lang='lat'><strong>,</strong></span> <span class='ocrx_word' id='word_1_176' title='bbox 1113 2084 1181 2148; x_wconf 86' lang='lat' dir='ltr'><strong>quod</strong></span> <span class='ocrx_word' id='word_1_177' title='bbox 1190 2084 1281 2128; x_wconf 71' lang='lat' dir='ltr'><strong>Massic.</strong></span> 
     </span>
     <span class='ocr_line' id='line_1_20' title="bbox 239 2152 1283 2227; baseline -0.012 -17"><span class='ocrx_word' id='word_1_178' title='bbox 239 2165 358 2227; x_wconf 80' lang='lat' dir='ltr'><strong>expressit.</strong></span> <span class='ocrx_word' id='word_1_179' title='bbox 369 2187 400 2198; x_wconf 91' lang='lat'><em>-</em></span> <span class='ocrx_word' id='word_1_180' title='bbox 409 2161 462 2223; x_wconf 64' lang='lat'><strong>475.</strong></span> <span class='ocrx_word' id='word_1_181' title='bbox 473 2178 497 2224; x_wconf 83' lang='lat' dir='ltr'><strong>p.</strong></span> <span class='ocrx_word' id='word_1_182' title='bbox 506 2170 584 2223; x_wconf 80' lang='lat' dir='ltr'><strong>petens</strong></span> <span class='ocrx_word' id='word_1_183' title='bbox 594 2162 685 2224; x_wconf 87' lang='lat' dir='ltr'><strong>Hugen.</strong></span> <span class='ocrx_word' id='word_1_184' title='bbox 696 2177 719 2206; x_wconf 81' lang='lat' dir='ltr'><strong>n.</strong></span> <span class='ocrx_word' id='word_1_185' title='bbox 728 2157 743 2206; x_wconf 82' lang='lat' dir='ltr'><strong>l.</strong></span> <span class='ocrx_word' id='word_1_186' title='bbox 752 2160 849 2224; x_wconf 79' lang='lat' dir='ltr'><strong>auferta</strong></span> <span class='ocrx_word' id='word_1_187' title='bbox 860 2179 891 2208; x_wconf 83' lang='lat' dir='ltr'><strong>m.</strong></span> <span class='ocrx_word' id='word_1_188' title='bbox 902 2178 938 2224; x_wconf 89' lang='lat' dir='ltr'><strong>pr.</strong></span> <span class='ocrx_word' id='word_1_189' title='bbox 950 2159 1059 2206; x_wconf 79' lang='lat' dir='ltr'><strong>Rectend.</strong></span> <span class='ocrx_word' id='word_1_190' title='bbox 1070 2173 1117 2204; x_wconf 87' lang='lat' dir='ltr'><strong>sec.</strong></span> <span class='ocrx_word' id='word_1_191' title='bbox 1128 2171 1206 2202; x_wconf 80' lang='lat' dir='ltr'><strong>escam</strong></span> <span class='ocrx_word' id='word_1_192' title='bbox 1216 2152 1283 2199; x_wconf 77' lang='lat' dir='ltr'><strong>Goth.</strong></span> 
     </span>
    </p>
   </div>
   <div class='ocr_carea' id='block_1_4' title="bbox 237 2298 1336 4120">
    <p class='ocr_par' dir='ltr' id='par_1_11' title="bbox 237 2298 1336 2763">
     <span class='ocr_line' id='line_1_21' title="bbox 238 2298 1282 2374; baseline -0.003 -22"><span class='ocrx_word' id='word_1_193' title='bbox 238 2298 321 2355; x_wconf 86' lang='lat' dir='ltr'><strong>verba</strong></span> <span class='ocrx_word' id='word_1_194' title='bbox 333 2299 407 2354; x_wconf 82' lang='lat' dir='ltr'><strong>Iliad.</strong></span> <span class='ocrx_word' id='word_1_195' title='bbox 420 2322 451 2368; x_wconf 77' lang='grc' dir='ltr'><strong>π,</strong></span> <span class='ocrx_word' id='word_1_196' title='bbox 465 2302 525 2360; x_wconf 85' lang='grc'>558.</span> <span class='ocrx_word' id='word_1_197' title='bbox 540 2303 579 2356; x_wconf 84' lang='lat' dir='ltr'><strong>De</strong></span> <span class='ocrx_word' id='word_1_198' title='bbox 596 2303 741 2356; x_wconf 82' lang='lat' dir='ltr'><strong>Tolumnio</strong></span> <span class='ocrx_word' id='word_1_199' title='bbox 784 2306 881 2368; x_wconf 75' lang='lat' dir='ltr'><strong>nonis,</strong></span> <span class='ocrx_word' id='word_1_200' title='bbox 897 2314 1028 2374; x_wconf 80' lang='lat' dir='ltr'><strong>quantum·</strong></span> <span class='ocrx_word' id='word_1_201' title='bbox 1042 2299 1155 2372; x_wconf 72' lang='lat' dir='ltr'><strong>quidem</strong></span> <span class='ocrx_word' id='word_1_202' title='bbox 1164 2311 1282 2362; x_wconf 83' lang='lat' dir='ltr'><strong>constat,</strong></span> 
     </span>
     <span class='ocr_line' id='line_1_22' title="bbox 238 2377 1281 2451; baseline -0.006 -19"><span class='ocrx_word' id='word_1_203' title='bbox 238 2400 297 2451; x_wconf 88' lang='lat' dir='ltr'><strong>sup.</strong></span> <span class='ocrx_word' id='word_1_204' title='bbox 318 2379 376 2432; x_wconf 81' lang='lat'><strong>258.</strong></span> <span class='ocrx_word' id='word_1_205' title='bbox 396 2381 455 2432; x_wconf 80' lang='lat'><strong>266.</strong></span> <span class='ocrx_word' id='word_1_206' title='bbox 466 2411 500 2420; x_wconf 89' lang='lat'>—</span> <span class='ocrx_word' id='word_1_207' title='bbox 511 2381 570 2448; x_wconf 76' lang='lat'><strong>466.</strong></span> <span class='ocrx_word' id='word_1_208' title='bbox 585 2381 626 2432; x_wconf 85' lang='lat' dir='ltr'><strong>Sic</strong></span> <span class='ocrx_word' id='word_1_209' title='bbox 641 2383 740 2434; x_wconf 85' lang='lat' dir='ltr'><strong>Hector</strong></span> <span class='ocrx_word' id='word_1_210' title='bbox 786 2398 847 2437; x_wconf 87' lang='lat' dir='ltr'><strong>ante</strong></span> <span class='ocrx_word' id='word_1_211' title='bbox 859 2385 998 2436; x_wconf 84' lang='lat' dir='ltr'><strong>Maronem</strong></span> <span class='ocrx_word' id='word_1_212' title='bbox 1007 2399 1065 2434; x_wconf 57' lang='lat' dir='ltr'><strong>non*</strong></span> <span class='ocrx_word' id='word_1_213' title='bbox 1072 2381 1191 2434; x_wconf 81' lang='lat' dir='ltr'><strong>occurrit</strong></span> <span class='ocrx_word' id='word_1_214' title='bbox 1203 2377 1281 2430; x_wconf 91' lang='lat' dir='ltr'><strong>aliud.</strong></span> 
     </span>
     <span class='ocr_line' id='line_1_23' title="bbox 237 2458 1283 2533; baseline -0.003 -23"><span class='ocrx_word' id='word_1_215' title='bbox 237 2459 391 2511; x_wconf 79' lang='lat' dir='ltr'><strong>Patroclum</strong></span> <span class='ocrx_word' id='word_1_216' title='bbox 401 2462 549 2531; x_wconf 87' lang='lat' dir='ltr'><strong>insequitur</strong></span> <span class='ocrx_word' id='word_1_217' title='bbox 556 2461 632 2513; x_wconf 85' lang='lat' dir='ltr'><strong>iliad.</strong></span> <span class='ocrx_word' id='word_1_218' title='bbox 641 2482 669 2521; x_wconf 71' lang='lat' dir='ltr'><strong>a,</strong></span> <span class='ocrx_word' id='word_1_219' title='bbox 678 2465 738 2532; x_wconf 80' lang='lat'>73¹·</span> <span class='ocrx_word' id='word_1_220' title='bbox 785 2465 843 2515; x_wconf 82' lang='lat' dir='ltr'><strong>Nisi</strong></span> <span class='ocrx_word' id='word_1_221' title='bbox 852 2466 943 2532; x_wconf 83' lang='lat' dir='ltr'><strong>itaque</strong></span> <span class='ocrx_word' id='word_1_222' title='bbox 950 2474 1032 2533; x_wconf 85' lang='lat' dir='ltr'><strong>poeta</strong></span> <span class='ocrx_word' id='word_1_223' title='bbox 1043 2462 1081 2525; x_wconf 82' lang='lat' dir='ltr'><strong>is,</strong></span> <span class='ocrx_word' id='word_1_224' title='bbox 1094 2458 1167 2510; x_wconf 87' lang='lat' dir='ltr'><strong>unde</strong></span> <span class='ocrx_word' id='word_1_225' title='bbox 1178 2458 1283 2510; x_wconf 87' lang='lat' dir='ltr'><strong>ductum</strong></span> 
     </span>
     <span class='ocr_line' id='line_1_24' title="bbox 239 2537 1283 2610; baseline -0.002 -20"><span class='ocrx_word' id='word_1_226' title='bbox 239 2537 292 2590; x_wconf 83' lang='lat' dir='ltr'><strong>tela</strong></span> <span class='ocrx_word' id='word_1_227' title='bbox 296 2538 423 2609; x_wconf 84' lang='lat' dir='ltr'><strong>ferentes,</strong></span> <span class='ocrx_word' id='word_1_228' title='bbox 433 2541 738 2606; x_wconf 81' lang='lat' dir='ltr'><strong>inferentes,utAEneid.</strong></span> <span class='ocrx_word' id='word_1_229' title='bbox 786 2557 840 2610; x_wconf 87' lang='lat' dir='ltr'><strong>est,</strong></span> <span class='ocrx_word' id='word_1_230' title='bbox 860 2542 1011 2608; x_wconf 80' lang='lat' dir='ltr'><strong>intercidit,</strong></span> <span class='ocrx_word' id='word_1_231' title='bbox 1035 2553 1076 2594; x_wconf 85' lang='lat' dir='ltr'><strong>est</strong></span> <span class='ocrx_word' id='word_1_232' title='bbox 1090 2540 1144 2592; x_wconf 91' lang='lat' dir='ltr'><strong>hoc</strong></span> <span class='ocrx_word' id='word_1_233' title='bbox 1162 2540 1231 2591; x_wconf 86' lang='lat' dir='ltr'><strong>inter</strong></span> <span class='ocrx_word' id='word_1_234' title='bbox 1244 2539 1283 2588; x_wconf 91' lang='lat' dir='ltr'><strong>in-</strong></span> 
     </span>
     <span class='ocr_line' id='line_1_25' title="bbox 239 2617 1336 2690; baseline -0.004 -20"><span class='ocrx_word' id='word_1_235' title='bbox 239 2637 348 2690; x_wconf 84' lang='lat' dir='ltr'><strong>quoque</strong></span> <span class='ocrx_word' id='word_1_236' title='bbox 362 2617 409 2669; x_wconf 92' lang='lat' dir='ltr'><strong>lib.</strong></span> <span class='ocrx_word' id='word_1_237' title='bbox 422 2619 474 2686; x_wconf 84' lang='lat' dir='ltr'><strong>Xl,</strong></span> <span class='ocrx_word' id='word_1_238' title='bbox 490 2619 538 2688; x_wconf 74' lang='lat'><strong>872</strong></span> <span class='ocrx_word' id='word_1_239' title='bbox 548 2656 556 2684; x_wconf 91' lang='lat'><strong>,</strong></span> <span class='ocrx_word' id='word_1_240' title='bbox 567 2618 620 2670; x_wconf 86' lang='lat' dir='ltr'><strong>hoc</strong></span> <span class='ocrx_word' id='word_1_241' title='bbox 630 2633 684 2688; x_wconf 82' lang='lat' dir='ltr'><strong>est,</strong></span> <span class='ocrx_word' id='word_1_242' title='bbox 697 2621 744 2674; x_wconf 89' lang='lat' dir='ltr'><strong>ad·</strong></span> <span class='ocrx_word' id='word_1_243' title='bbox 787 2636 867 2676; x_wconf 88' lang='lat' dir='ltr'><strong>venta</strong></span> <span class='ocrx_word' id='word_1_244' title='bbox 876 2623 1003 2674; x_wconf 85' lang='lat' dir='ltr'><strong>Maronis.</strong></span> <span class='ocrx_word' id='word_1_245' title='bbox 1013 2617 1190 2674; x_wconf 88' lang='lat' dir='ltr'><strong>Observanda</strong></span> <span class='ocrx_word' id='word_1_246' title='bbox 1199 2629 1283 2670; x_wconf 87' lang='lat' dir='ltr'><strong>autem</strong></span> <span class='ocrx_word' id='word_1_247' title='bbox 1335 2647 1336 2650; x_wconf 63' lang='lat'><em>=</em></span> 
     </span>
     <span class='ocr_line' id='line_1_26' title="bbox 240 2695 1284 2763; baseline -0.002 -14"><span class='ocrx_word' id='word_1_248' title='bbox 240 2711 313 2749; x_wconf 91' lang='lat' dir='ltr'><strong>ortos</strong></span> <span class='ocrx_word' id='word_1_249' title='bbox 326 2715 367 2763; x_wconf 84' lang='lat' dir='ltr'><strong>se,</strong></span> <span class='ocrx_word' id='word_1_250' title='bbox 381 2709 476 2749; x_wconf 88' lang='lat' dir='ltr'><strong>contra</strong></span> <span class='ocrx_word' id='word_1_251' title='bbox 488 2709 596 2750; x_wconf 87' lang='lat' dir='ltr'><strong>stantes.</strong></span> <span class='ocrx_word' id='word_1_252' title='bbox 789 2719 832 2752; x_wconf 86' lang='lat' dir='ltr'><strong>ars</strong></span> <span class='ocrx_word' id='word_1_253' title='bbox 844 2704 871 2753; x_wconf 90' lang='lat' dir='ltr'><strong>in</strong></span> <span class='ocrx_word' id='word_1_254' title='bbox 883 2721 912 2753; x_wconf 90' lang='lat' dir='ltr'><strong>re</strong></span> <span class='ocrx_word' id='word_1_255' title='bbox 924 2702 998 2753; x_wconf 89' lang='lat' dir='ltr'><strong>tenui</strong></span> <span class='ocrx_word' id='word_1_256' title='bbox 1014 2713 1040 2752; x_wconf 91' lang='lat' dir='ltr'><strong>et</strong></span> <span class='ocrx_word' id='word_1_257' title='bbox 1055 2697 1151 2750; x_wconf 92' lang='lat' dir='ltr'><strong>humili</strong></span> <span class='ocrx_word' id='word_1_258' title='bbox 1165 2695 1284 2748; x_wconf 88' lang='lat' dir='ltr'><strong>ornanda</strong></span> 
     </span>
    </p>

    <p class='ocr_par' dir='ltr' id='par_1_12' title="bbox 239 2776 1288 4040">
     <span class='ocr_line' id='line_1_27' title="bbox 274 2776 1282 2852; baseline -0.006 -22"><span class='ocrx_word' id='word_1_259' title='bbox 274 2778 335 2846; x_wconf 74' lang='grc'>468.</span> <span class='ocrx_word' id='word_1_260' title='bbox 353 2777 470 2827; x_wconf 85' lang='lat' dir='ltr'><strong>Juturna</strong></span> <span class='ocrx_word' id='word_1_261' title='bbox 493 2776 593 2848; x_wconf 70' lang='lat' dir='ltr'><strong>virago.</strong></span> <span class='ocrx_word' id='word_1_262' title='bbox 615 2777 741 2830; x_wconf 84' lang='lat' dir='ltr'><strong>Servius:</strong></span> <span class='ocrx_word' id='word_1_263' title='bbox 788 2793 814 2833; x_wconf 88' lang='lat' dir='ltr'><strong>et</strong></span> <span class='ocrx_word' id='word_1_264' title='bbox 835 2779 1031 2852; x_wconf 87' lang='lat' dir='ltr'><strong>amplificanda.</strong></span> <span class='ocrx_word' id='word_1_265' title='bbox 1050 2777 1139 2850; x_wconf 70' lang='lat' dir='ltr'><strong>Nigra</strong></span> <span class='ocrx_word' id='word_1_266' title='bbox 1156 2776 1282 2826; x_wconf 77' lang='lat' dir='ltr'><strong>hirundo:</strong></span> 
     </span>
     <span class='ocr_line' id='line_1_28' title="bbox 239 2853 1284 2928; baseline -0.003 -19"><span class='ocrx_word' id='word_1_267' title='bbox 239 2859 333 2928; x_wconf 79' lang='lat' dir='ltr'><strong>virago</strong></span> <span class='ocrx_word' id='word_1_268' title='bbox 348 2856 446 2908; x_wconf 91' lang='lat' dir='ltr'><strong>dicitur</strong></span> <span class='ocrx_word' id='word_1_269' title='bbox 462 2853 573 2920; x_wconf 90' lang='lat' dir='ltr'><strong>mulier,</strong></span> <span class='ocrx_word' id='word_1_270' title='bbox 591 2871 649 2926; x_wconf 83' lang='lat' dir='ltr'><strong>quse</strong></span> <span class='ocrx_word' id='word_1_271' title='bbox 665 2857 741 2909; x_wconf 89' lang='lat' dir='ltr'><strong>virile</strong></span> <span class='ocrx_word' id='word_1_272' title='bbox 787 2873 815 2911; x_wconf 89' lang='lat' dir='ltr'><strong>ut</strong></span> <span class='ocrx_word' id='word_1_273' title='bbox 826 2858 1000 2912; x_wconf 88' lang='lat' dir='ltr'><strong>domesticam</strong></span> <span class='ocrx_word' id='word_1_274' title='bbox 1011 2857 1141 2928; x_wconf 90' lang='lat' dir='ltr'><strong>designet,</strong></span> <span class='ocrx_word' id='word_1_275' title='bbox 1151 2857 1284 2924; x_wconf 86' lang='lat' dir='ltr'><strong>nonripa-</strong></span> 
     </span>
     <span class='ocr_line' id='line_1_29' title="bbox 239 2933 1284 3009; baseline -0.005 -21"><span class='ocrx_word' id='word_1_276' title='bbox 239 2938 333 3009; x_wconf 90' lang='lat' dir='ltr'><strong>implet</strong></span> <span class='ocrx_word' id='word_1_277' title='bbox 355 2934 481 2987; x_wconf 83' lang='lat' dir='ltr'><strong>officium.</strong></span> <span class='ocrx_word' id='word_1_278' title='bbox 504 2933 571 2986; x_wconf 83' lang='lat' dir='ltr'><strong>Eum</strong></span> <span class='ocrx_word' id='word_1_279' title='bbox 592 2948 741 3006; x_wconf 84' lang='lat' dir='ltr'><strong>sequuntur</strong></span> <span class='ocrx_word' id='word_1_280' title='bbox 786 2940 868 3002; x_wconf 84' lang='lat' dir='ltr'><strong>riam,</strong></span> <span class='ocrx_word' id='word_1_281' title='bbox 884 2950 913 2988; x_wconf 89' lang='lat' dir='ltr'><strong>ut</strong></span> <span class='ocrx_word' id='word_1_282' title='bbox 931 2937 1048 3008; x_wconf 76' lang='lat' dir='ltr'><strong>Scaliger</strong></span> <span class='ocrx_word' id='word_1_283' title='bbox 1064 2935 1223 2986; x_wconf 82' lang='lat' dir='ltr'><strong>observavit.</strong></span> <span class='ocrx_word' id='word_1_284' title='bbox 1241 2934 1284 2983; x_wconf 91' lang='lat' dir='ltr'><strong>Di-</strong></span> 
     </span>
     <span class='ocr_line' id='line_1_30' title="bbox 241 3013 1284 3088; baseline -0.005 -20"><span class='ocrx_word' id='word_1_285' title='bbox 241 3017 294 3068; x_wconf 91' lang='lat' dir='ltr'><strong>alii.</strong></span> <span class='ocrx_word' id='word_1_286' title='bbox 315 3018 440 3086; x_wconf 82' lang='lat' dir='ltr'><strong>Argutius</strong></span> <span class='ocrx_word' id='word_1_287' title='bbox 460 3013 561 3066; x_wconf 88' lang='lat' dir='ltr'><strong>dictum</strong></span> <span class='ocrx_word' id='word_1_288' title='bbox 575 3026 641 3084; x_wconf 85' lang='lat' dir='ltr'><strong>puto</strong></span> <span class='ocrx_word' id='word_1_289' title='bbox 660 3032 740 3085; x_wconf 89' lang='lat' dir='ltr'><strong>quam</strong></span> <span class='ocrx_word' id='word_1_290' title='bbox 785 3037 844 3070; x_wconf 86' lang='lat' dir='ltr'><strong>cam</strong></span> <span class='ocrx_word' id='word_1_291' title='bbox 864 3019 953 3088; x_wconf 90' lang='lat' dir='ltr'><strong>potius</strong></span> <span class='ocrx_word' id='word_1_292' title='bbox 969 3016 1142 3068; x_wconf 88' lang='lat' dir='ltr'><strong>hirundinem</strong></span> <span class='ocrx_word' id='word_1_293' title='bbox 1161 3015 1284 3066; x_wconf 87' lang='lat' dir='ltr'><strong>rusticam</strong></span> 
     </span>
     <span class='ocr_line' id='line_1_31' title="bbox 240 3092 1283 3166; baseline -0.004 -20"><span class='ocrx_word' id='word_1_294' title='bbox 240 3098 336 3148; x_wconf 87' lang='lat' dir='ltr'><strong>verius.</strong></span> <span class='ocrx_word' id='word_1_295' title='bbox 357 3096 455 3166; x_wconf 85' lang='lat' dir='ltr'><strong>Virago</strong></span> <span class='ocrx_word' id='word_1_296' title='bbox 469 3105 508 3144; x_wconf 83' lang='lat' dir='ltr'><strong>&#39;et</strong></span> <span class='ocrx_word' id='word_1_297' title='bbox 532 3094 607 3163; x_wconf 87' lang='lat' dir='ltr'><strong>virgo</strong></span> <span class='ocrx_word' id='word_1_298' title='bbox 630 3110 740 3163; x_wconf 84' lang='lat' dir='ltr'><strong>prorsus</strong></span> <span class='ocrx_word' id='word_1_299' title='bbox 785 3095 916 3160; x_wconf 83' lang='lat' dir='ltr'><strong>describi,</strong></span> <span class='ocrx_word' id='word_1_300' title='bbox 934 3094 1116 3155; x_wconf 58' lang='lat' dir='ltr'><strong>dativum,</strong></span> <span class='ocrx_word' id='word_1_301' title='bbox 1135 3112 1192 3163; x_wconf 80' lang='lat' dir='ltr'><strong>quae</strong></span> <span class='ocrx_word' id='word_1_302' title='bbox 1208 3092 1283 3143; x_wconf 89' lang='lat' dir='ltr'><strong>dorso</strong></span> 
     </span>
     <span class='ocr_line' id='line_1_32' title="bbox 241 3171 1284 3247; baseline -0.005 -20"><span class='ocrx_word' id='word_1_303' title='bbox 241 3175 354 3228; x_wconf 86' lang='lat' dir='ltr'><strong>eandem</strong></span> <span class='ocrx_word' id='word_1_304' title='bbox 366 3177 419 3226; x_wconf 90' lang='lat' dir='ltr'><strong>vim</strong></span> <span class='ocrx_word' id='word_1_305' title='bbox 433 3171 548 3224; x_wconf 76' lang='lat' dir='ltr'><strong>habent:</strong></span> <span class='ocrx_word' id='word_1_306' title='bbox 563 3171 611 3224; x_wconf 75' lang='lat' dir='ltr'><strong>sed</strong></span> <span class='ocrx_word' id='word_1_307' title='bbox 629 3172 742 3223; x_wconf 71' lang='lat' dir='ltr'><strong>alterum</strong></span> <span class='ocrx_word' id='word_1_308' title='bbox 786 3178 862 3247; x_wconf 90' lang='lat' dir='ltr'><strong>nigro</strong></span> <span class='ocrx_word' id='word_1_309' title='bbox 876 3176 1063 3228; x_wconf 79' lang='lat' dir='ltr'><strong>caerulescente</strong></span> <span class='ocrx_word' id='word_1_310' title='bbox 1076 3187 1132 3227; x_wconf 85' lang='lat' dir='ltr'><strong>est:</strong></span> <span class='ocrx_word' id='word_1_311' title='bbox 1151 3188 1178 3224; x_wconf 88' lang='lat' dir='ltr'><strong>et</strong></span> <span class='ocrx_word' id='word_1_312' title='bbox 1190 3175 1232 3244; x_wconf 89' lang='lat' dir='ltr'><strong>agi</strong></span> <span class='ocrx_word' id='word_1_313' title='bbox 1244 3173 1284 3222; x_wconf 86' lang='lat' dir='ltr'><strong>bie</strong></span> 
     </span>
     <span class='ocr_line' id='line_1_33' title="bbox 242 3251 1283 3326; baseline -0.002 -21"><span class='ocrx_word' id='word_1_314' title='bbox 242 3257 376 3325; x_wconf 76' lang='lat' dir='ltr'><strong>antiquius</strong></span> <span class='ocrx_word' id='word_1_315' title='bbox 395 3253 519 3322; x_wconf 84' lang='lat' dir='ltr'><strong>adeoque</strong></span> <span class='ocrx_word' id='word_1_316' title='bbox 534 3253 610 3322; x_wconf 83' lang='lat' dir='ltr'><strong>spico</strong></span> <span class='ocrx_word' id='word_1_317' title='bbox 625 3254 742 3304; x_wconf 81' lang='lat' dir='ltr'><strong>carmine</strong></span> <span class='ocrx_word' id='word_1_318' title='bbox 786 3274 841 3307; x_wconf 89' lang='lat' dir='ltr'><strong>non</strong></span> <span class='ocrx_word' id='word_1_319' title='bbox 850 3255 883 3306; x_wconf 92' lang='lat' dir='ltr'><strong>de</strong></span> <span class='ocrx_word' id='word_1_320' title='bbox 890 3255 992 3326; x_wconf 85' lang='lat' dir='ltr'><strong>palutio</strong></span> <span class='ocrx_word' id='word_1_321' title='bbox 999 3254 1118 3320; x_wconf 87' lang='lat' dir='ltr'><strong>urbano,</strong></span> <span class='ocrx_word' id='word_1_322' title='bbox 1127 3251 1177 3312; x_wconf 83' lang='lat' dir='ltr'><strong>sed</strong></span> <span class='ocrx_word' id='word_1_323' title='bbox 1183 3253 1216 3304; x_wconf 89' lang='lat' dir='ltr'><strong>de</strong></span> <span class='ocrx_word' id='word_1_324' title='bbox 1225 3251 1283 3304; x_wconf 88' lang='lat' dir='ltr'><strong>villa</strong></span> 
     </span>
     <span class='ocr_line' id='line_1_34' title="bbox 241 3325 1283 3406; baseline -0.003 -19"><span class='ocrx_word' id='word_1_325' title='bbox 241 3325 355 3404; x_wconf 71' lang='lat' dir='ltr'><strong>dignius.</strong></span> <span class='ocrx_word' id='word_1_326' title='bbox 368 3334 436 3383; x_wconf 84' lang='lat' dir='ltr'><strong>Hinc</strong></span> <span class='ocrx_word' id='word_1_327' title='bbox 454 3329 632 3401; x_wconf 75' lang='lat' dir='ltr'><strong>apudp0e1³⁵</strong></span> <span class='ocrx_word' id='word_1_328' title='bbox 650 3331 742 3402; x_wconf 74' lang='lat' dir='ltr'><strong>virago</strong></span> <span class='ocrx_word' id='word_1_329' title='bbox 788 3334 895 3406; x_wconf 81' lang='lat' dir='ltr'><strong>aliqua,</strong></span> <span class='ocrx_word' id='word_1_330' title='bbox 907 3334 953 3387; x_wconf 92' lang='lat' dir='ltr'><strong>illa</strong></span> <span class='ocrx_word' id='word_1_331' title='bbox 966 3334 1080 3386; x_wconf 89' lang='lat' dir='ltr'><strong>docent:</strong></span> <span class='ocrx_word' id='word_1_332' title='bbox 1095 3351 1172 3385; x_wconf 83' lang='lat' dir='ltr'><strong>nunc·</strong></span> <span class='ocrx_word' id='word_1_333' title='bbox 1179 3333 1283 3403; x_wconf 79' lang='lat' dir='ltr'><strong>portici·</strong></span> 
     </span>
     <span class='ocr_line' id='line_1_35' title="bbox 240 3411 1284 3482; baseline 0 -20"><span class='ocrx_word' id='word_1_334' title='bbox 240 3413 344 3477; x_wconf 84' lang='lat' dir='ltr'><strong>Pallas,</strong></span> <span class='ocrx_word' id='word_1_335' title='bbox 361 3414 461 3478; x_wconf 87' lang='lat' dir='ltr'><strong>Diana,</strong></span> <span class='ocrx_word' id='word_1_336' title='bbox 479 3411 619 3482; x_wconf 64' lang='lat' dir='ltr'><strong>Nymphae</strong></span> <span class='ocrx_word' id='word_1_337' title='bbox 639 3423 668 3462; x_wconf 83' lang='lat' dir='ltr'><strong>nt</strong></span> <span class='ocrx_word' id='word_1_338' title='bbox 682 3431 743 3480; x_wconf 62' lang='grc' dir='ltr'><strong>περ·</strong></span> <span class='ocrx_word' id='word_1_339' title='bbox 789 3416 834 3468; x_wconf 81' lang='lat' dir='ltr'><strong>bus</strong></span> <span class='ocrx_word' id='word_1_340' title='bbox 850 3413 955 3479; x_wconf 82' lang='lat' dir='ltr'><strong>vacuis,</strong></span> <span class='ocrx_word' id='word_1_341' title='bbox 972 3431 1044 3465; x_wconf 84' lang='lat' dir='ltr'><strong>nunc</strong></span> <span class='ocrx_word' id='word_1_342' title='bbox 1062 3413 1172 3464; x_wconf 75' lang='lat' dir='ltr'><strong>humida</strong></span> <span class='ocrx_word' id='word_1_343' title='bbox 1190 3413 1284 3464; x_wconf 83' lang='lat' dir='ltr'><strong>circum</strong></span> 
     </span>
     <span class='ocr_line' id='line_1_36' title="bbox 240 3487 1283 3566; baseline 0.003 -27"><span class='ocrx_word' id='word_1_344' title='bbox 240 3487 325 3551; x_wconf 65' lang='lat' dir='ltr'><strong>Sine,</strong></span> <span class='ocrx_word' id='word_1_345' title='bbox 338 3488 476 3559; x_wconf 69' lang='grc' dir='ltr'><strong>παρθηιιωί.</strong></span> <span class='ocrx_word' id='word_1_346' title='bbox 488 3489 569 3557; x_wconf 86' lang='lat' dir='ltr'><strong>Quod</strong></span> <span class='ocrx_word' id='word_1_347' title='bbox 579 3509 642 3543; x_wconf 87' lang='lat' dir='ltr'><strong>vero</strong></span> <span class='ocrx_word' id='word_1_348' title='bbox 651 3493 743 3542; x_wconf 78' lang='lat' dir='ltr'><strong>Jutur=</strong></span> <span class='ocrx_word' id='word_1_349' title='bbox 788 3494 887 3566; x_wconf 64' lang='lat' dir='ltr'><strong>Stagna</strong></span> <span class='ocrx_word' id='word_1_350' title='bbox 907 3491 999 3553; x_wconf 84' lang='lat' dir='ltr'><strong>volat,·</strong></span> <span class='ocrx_word' id='word_1_351' title='bbox 1014 3512 1072 3564; x_wconf 82' lang='lat' dir='ltr'><strong>quaa</strong></span> <span class='ocrx_word' id='word_1_352' title='bbox 1094 3495 1122 3544; x_wconf 90' lang='lat' dir='ltr'><strong>iu</strong></span> <span class='ocrx_word' id='word_1_353' title='bbox 1144 3491 1211 3544; x_wconf 87' lang='lat' dir='ltr'><strong>urbe</strong></span> <span class='ocrx_word' id='word_1_354' title='bbox 1234 3509 1283 3543; x_wconf 84' lang='lat' dir='ltr'><strong>nou</strong></span> 
     </span>
     <span class='ocr_line' id='line_1_37' title="bbox 241 3569 1283 3642; baseline 0.004 -22"><span class='ocrx_word' id='word_1_355' title='bbox 241 3588 281 3620; x_wconf 85' lang='lat' dir='ltr'><strong>uae</strong></span> <span class='ocrx_word' id='word_1_356' title='bbox 297 3569 324 3619; x_wconf 90' lang='lat' dir='ltr'><strong>b.</strong></span> <span class='ocrx_word' id='word_1_357' title='bbox 341 3569 359 3619; x_wconf 89' lang='lat' dir='ltr'><strong>l.</strong></span> <span class='ocrx_word' id='word_1_358' title='bbox 377 3570 470 3620; x_wconf 89' lang='lat' dir='ltr'><strong>tribuit</strong></span> <span class='ocrx_word' id='word_1_359' title='bbox 483 3571 575 3634; x_wconf 88' lang='lat' dir='ltr'><strong>Maro,</strong></span> <span class='ocrx_word' id='word_1_360' title='bbox 592 3569 740 3624; x_wconf 82' lang='lat' dir='ltr'><strong>subiectum</strong></span> <span class='ocrx_word' id='word_1_361' title='bbox 785 3573 865 3625; x_wconf 83' lang='lat' dir='ltr'><strong>facile</strong></span> <span class='ocrx_word' id='word_1_362' title='bbox 878 3589 987 3642; x_wconf 76' lang='lat' dir='ltr'><strong>queres.</strong></span> <span class='ocrx_word' id='word_1_363' title='bbox 999 3573 1106 3639; x_wconf 77' lang='lat' dir='ltr'><strong>penitus</strong></span> <span class='ocrx_word' id='word_1_364' title='bbox 1120 3573 1149 3622; x_wconf 93' lang='lat' dir='ltr'><strong>in</strong></span> <span class='ocrx_word' id='word_1_365' title='bbox 1161 3573 1283 3624; x_wconf 86' lang='lat' dir='ltr'><strong>interiora</strong></span> 
     </span>
     <span class='ocr_line' id='line_1_38' title="bbox 242 3649 1282 3722; baseline 0 -22"><span class='ocrx_word' id='word_1_366' title='bbox 242 3661 282 3700; x_wconf 86' lang='lat' dir='ltr'><strong>est</strong></span> <span class='ocrx_word' id='word_1_367' title='bbox 293 3650 398 3698; x_wconf 84' lang='lat' dir='ltr'><strong>Homeri</strong></span> <span class='ocrx_word' id='word_1_368' title='bbox 415 3649 536 3719; x_wconf 84' lang='lat' dir='ltr'><strong>exemplo</strong></span> <span class='ocrx_word' id='word_1_369' title='bbox 552 3649 629 3702; x_wconf 84' lang='lat' dir='ltr'><strong>lliud.</strong></span> <span class='ocrx_word' id='word_1_370' title='bbox 648 3669 676 3714; x_wconf 82' lang='lat' dir='ltr'><strong>s,</strong></span> <span class='ocrx_word' id='word_1_371' title='bbox 690 3649 742 3702; x_wconf 84' lang='grc'><strong>835</strong></span> <span class='ocrx_word' id='word_1_372' title='bbox 787 3649 1063 3721; x_wconf 81' lang='lat' dir='ltr'><strong>domuspenetrando.</strong></span> <span class='ocrx_word' id='word_1_373' title='bbox 1073 3651 1107 3701; x_wconf 80' lang='lat' dir='ltr'><strong>cf.</strong></span> <span class='ocrx_word' id='word_1_374' title='bbox 1119 3667 1180 3722; x_wconf 83' lang='lat' dir='ltr'><strong>sup.</strong></span> <span class='ocrx_word' id='word_1_375' title='bbox 1190 3669 1216 3702; x_wconf 89' lang='lat' dir='ltr'><strong>v.</strong></span> <span class='ocrx_word' id='word_1_376' title='bbox 1228 3651 1282 3702; x_wconf 75' lang='lat'><strong>256.</strong></span> 
     </span>
     <span class='ocr_line' id='line_1_39' title="bbox 241 3727 1284 3802; baseline 0.002 -24"><span class='ocrx_word' id='word_1_377' title='bbox 241 3746 299 3798; x_wconf 81' lang='lat' dir='ltr'><strong>sqq.</strong></span> <span class='ocrx_word' id='word_1_378' title='bbox 308 3765 316 3794; x_wconf 87' lang='lat'><strong>‚</strong></span> <span class='ocrx_word' id='word_1_379' title='bbox 326 3727 371 3778; x_wconf 91' lang='lat' dir='ltr'><strong>ubi</strong></span> <span class='ocrx_word' id='word_1_380' title='bbox 385 3728 481 3794; x_wconf 85' lang='lat' dir='ltr'><strong>Pallas,</strong></span> <span class='ocrx_word' id='word_1_381' title='bbox 490 3729 594 3798; x_wconf 85' lang='lat' dir='ltr'><strong>dejecto</strong></span> <span class='ocrx_word' id='word_1_382' title='bbox 605 3729 741 3798; x_wconf 84' lang='lat' dir='ltr'><strong>Sthenelo,</strong></span> <span class='ocrx_word' id='word_1_383' title='bbox 788 3731 846 3783; x_wconf 65' lang='lat'><strong>263.</strong></span> <span class='ocrx_word' id='word_1_384' title='bbox 859 3759 894 3768; x_wconf 90' lang='lat'>-</span> <span class='ocrx_word' id='word_1_385' title='bbox 904 3729 963 3800; x_wconf 74' lang='grc'>475.</span> <span class='ocrx_word' id='word_1_386' title='bbox 978 3729 1071 3798; x_wconf 83' lang='lat' dir='ltr'><strong>Suavis</strong></span> <span class='ocrx_word' id='word_1_387' title='bbox 1083 3747 1177 3782; x_wconf 87' lang='lat' dir='ltr'><strong>versus</strong></span> <span class='ocrx_word' id='word_1_388' title='bbox 1189 3753 1195 3781; x_wconf 91' lang='lat'>:</span> <span class='ocrx_word' id='word_1_389' title='bbox 1207 3750 1284 3802; x_wconf 81' lang='lat' dir='ltr'><strong>parva</strong></span> 
     </span>
     <span class='ocr_line' id='line_1_40' title="bbox 241 3807 1286 3881; baseline -0.002 -19"><span class='ocrx_word' id='word_1_390' title='bbox 241 3807 380 3862; x_wconf 83' lang='lat' dir='ltr'><strong>Diomedis</strong></span> <span class='ocrx_word' id='word_1_391' title='bbox 388 3827 495 3860; x_wconf 88' lang='lat' dir='ltr'><strong>currum</strong></span> <span class='ocrx_word' id='word_1_392' title='bbox 513 3812 590 3863; x_wconf 85' lang='lat' dir='ltr'><strong>simili</strong></span> <span class='ocrx_word' id='word_1_393' title='bbox 603 3811 685 3862; x_wconf 84' lang='lat' dir='ltr'><strong>modo</strong></span> <span class='ocrx_word' id='word_1_394' title='bbox 699 3830 742 3862; x_wconf 85' lang='lat' dir='ltr'><strong>re-</strong></span> <span class='ocrx_word' id='word_1_395' title='bbox 786 3828 846 3862; x_wconf 86' lang='lat' dir='ltr'><strong>cum</strong></span> <span class='ocrx_word' id='word_1_396' title='bbox 865 3809 979 3861; x_wconf 87' lang='lat' dir='ltr'><strong>dilectu!</strong></span> <span class='ocrx_word' id='word_1_397' title='bbox 998 3821 1028 3860; x_wconf 89' lang='lat' dir='ltr'><strong>ut</strong></span> <span class='ocrx_word' id='word_1_398' title='bbox 1048 3809 1142 3881; x_wconf 90' lang='lat' dir='ltr'><strong>paullo</strong></span> <span class='ocrx_word' id='word_1_399' title='bbox 1163 3822 1225 3862; x_wconf 88' lang='lat' dir='ltr'><strong>ante</strong></span> <span class='ocrx_word' id='word_1_400' title='bbox 1246 3831 1286 3861; x_wconf 83' lang='lat' dir='ltr'><strong>va·</strong></span> 
     </span>
     <span class='ocr_line' id='line_1_41' title="bbox 242 3883 1286 3961; baseline 0 -21"><span class='ocrx_word' id='word_1_401' title='bbox 242 3891 288 3961; x_wconf 88' lang='lat' dir='ltr'><strong>git.</strong></span> <span class='ocrx_word' id='word_1_402' title='bbox 306 3885 357 3940; x_wconf 85' lang='lat' dir='ltr'><strong>Sed</strong></span> <span class='ocrx_word' id='word_1_403' title='bbox 374 3886 449 3938; x_wconf 86' lang='lat' dir='ltr'><strong>locus</strong></span> <span class='ocrx_word' id='word_1_404' title='bbox 464 3889 507 3940; x_wconf 88' lang='lat' dir='ltr'><strong>ille</strong></span> <span class='ocrx_word' id='word_1_405' title='bbox 524 3890 584 3960; x_wconf 89' lang='lat' dir='ltr'><strong>plus</strong></span> <span class='ocrx_word' id='word_1_406' title='bbox 604 3890 740 3961; x_wconf 83' lang='lat' dir='ltr'><strong>dignitatis</strong></span> <span class='ocrx_word' id='word_1_407' title='bbox 786 3889 840 3943; x_wconf 82' lang='lat' dir='ltr'><strong>cuis</strong></span> <span class='ocrx_word' id='word_1_408' title='bbox 863 3887 981 3940; x_wconf 86' lang='lat' dir='ltr'><strong>declarat</strong></span> <span class='ocrx_word' id='word_1_409' title='bbox 1008 3883 1095 3960; x_wconf 86' lang='lat' dir='ltr'><strong>spatia</strong></span> <span class='ocrx_word' id='word_1_410' title='bbox 1120 3892 1241 3960; x_wconf 89' lang='lat' dir='ltr'><strong>porticus</strong></span> <span class='ocrx_word' id='word_1_411' title='bbox 1263 3903 1286 3942; x_wconf 88' lang='lat' dir='ltr'><strong>et</strong></span> 
     </span>
     <span class='ocr_line' id='line_1_42' title="bbox 242 3965 1288 4040; baseline 0 -20"><span class='ocrx_word' id='word_1_412' title='bbox 242 3965 523 4036; x_wconf 86' lang='lat' dir='ltr'><strong>habet,quambic,in</strong></span> <span class='ocrx_word' id='word_1_413' title='bbox 534 3987 740 4039; x_wconf 83' lang='lat' dir='ltr'><strong>quoversamur.</strong></span> <span class='ocrx_word' id='word_1_414' title='bbox 786 3968 1006 4040; x_wconf 67' lang='lat' dir='ltr'><strong>amplitudinem</strong></span> <span class='ocrx_word' id='word_1_415' title='bbox 1036 3969 1106 4020; x_wconf 83' lang='lat' dir='ltr'><strong>nidis</strong></span> <span class='ocrx_word' id='word_1_416' title='bbox 1137 3967 1288 4040; x_wconf 79' lang='lat' dir='ltr'><strong>loquacibus</strong></span> 
     </span>
    </p>

    <p class='ocr_par' dir='ltr' id='par_1_13' title="bbox 277 4043 1187 4120">
     <span class='ocr_line' id='line_1_43' title="bbox 277 4043 1187 4120; baseline 0 -22"><span class='ocrx_word' id='word_1_417' title='bbox 277 4047 338 4119; x_wconf 70' lang='lat'><strong>473.</strong></span> <span class='ocrx_word' id='word_1_418' title='bbox 346 4044 503 4118; x_wconf 82' lang='lat' dir='ltr'><strong>Exemplum</strong></span> <span class='ocrx_word' id='word_1_419' title='bbox 513 4045 593 4116; x_wconf 81' lang='lat' dir='ltr'><strong>hujus</strong></span> <span class='ocrx_word' id='word_1_420' title='bbox 604 4065 742 4118; x_wconf 81' lang='lat' dir='ltr'><strong>compara·</strong></span> <span class='ocrx_word' id='word_1_421' title='bbox 785 4065 835 4120; x_wconf 88' lang='lat' dir='ltr'><strong>pro</strong></span> <span class='ocrx_word' id='word_1_422' title='bbox 848 4048 943 4119; x_wconf 83' lang='lat' dir='ltr'><strong>pullis,</strong></span> <span class='ocrx_word' id='word_1_423' title='bbox 956 4046 1052 4104; x_wconf 69' lang='grc' dir='ltr'><strong>νεοσσοῖς</strong></span> <span class='ocrx_word' id='word_1_424' title='bbox 1063 4043 1187 4116; x_wconf 58' lang='grc' dir='ltr'><strong>φρύξουσι,</strong></span> 
     </span>
    </p>
   </div>
   <div class='ocr_carea' id='block_1_5' title="bbox 0 0 1375 4594">
    <p class='ocr_par' dir='ltr' id='par_1_14' title="bbox 0 0 1375 4594">
     <span class='ocr_line' id='line_1_44' title="bbox 0 0 1375 4594; baseline 0 0"><span class='ocrx_word' id='word_1_425' title='bbox 0 0 1375 4594; x_wconf 95' lang='lat' dir='ltr'><strong> </strong></span> 
     </span>
    </p>
   </div>
  </div>
 </body>
</html>
