2718 4594
328 281 564 361 AENEIDOS
587 281 743 348 LIBER
765 284 853 352 xll.
1049 289 1108 356 321

69 411 106 473 ln
118 407 245 474 medias
257 407 358 488 acies,
373 408 513 472 formam
525 404 718 472 adsimulata
731 410 889 489 Camerti5
964 417 968 428 ’

68 515 126 579 Cui
138 514 419 604 genusaproavis
432 511 768 602 ingens,clarumque
778 531 923 604 paternae
1069 531 1113 579 ηε

67 622 195 686 Nomen
208 636 281 684 erat
292 618 436 698 virtutis,
451 635 483 682 et
495 619 566 707 ipse
578 619 755 684 acerrimus
766 621 882 700 armis;

68 727 105 789 ln
116 725 245 790 medias
259 723 315 790 dat
326 746 398 790 sese
409 723 511 804 acite,
525 721 614 788 haud
626 723 736 789 nescia
747 747 873 806 rerum,

68 830 299 920 Rumoresque
311 829 390 894 serit
401 829 523 908 varios,
536 851 574 894 ao
586 828 662 892 talia
673 829 761 892 fatur
773 851 779 891 :

71 963 84 993 a
96 938 171 1001 Non
183 935 306 1026 pudet,
322 945 343 1000 o
355 934 483 1013 Rutuli,
497 956 557 1022 pro
569 934 696 999 cunctis
710 933 827 1000 talibus
839 957 941 1000 unam

68 1039 242 1131 Objectare
254 1041 626 1120 animaminumerone,
639 1063 682 1105 an
693 1039 818 1105 viribus
831 1043 918 1130 atqui
1070 1060 1115 1110 230

68 1148 140 1212 Non
153 1148 290 1213 sumus?
301 1149 366 1226 En,
381 1168 496 1212 omnes
509 1163 542 1212 et
553 1149 673 1226 Troes,
687 1163 720 1210 et
731 1146 888 1229 Arcades,
902 1148 937 1213 hi
949 1161 1041 1232 s'unt3

67 1252 78 1280 ⁵
90 1254 278 1344 Fatalisque
290 1274 421 1334 manus,
434 1253 564 1317 infensa
575 1253 705 1317 Etruria
717 1254 853 1318 Turno:

67 1360 126 1424 Vix
137 1359 287 1438 hostem,
300 1358 418 1424 alterni
430 1360 457 1424 si
469 1357 738 1447 congrediamur,
752 1357 923 1425 habemus.

98 1537 149 1594 aad.
172 1537 220 1583 Per
242 1536 329 1582 medias
349 1535 454 1582 Perrhae.
470 1535 550 1599 foma
567 1551 613 1582 teo.
633 1547 657 1582 et
676 1547 730 1582 tert.
750 1537 860 1584 llottend.
882 1553 937 1584 cum
953 1538 1007 1585 cod.
1025 1537 1116 1594 Thoan.

68 1609 130 1672 apud
139 1609 248 1656 merob.
265 1608 295 1665 V,
316 1608 355 1664 15,
371 1609 449 1654 minua
459 1607 529 1654 hene.
544 1606 676 1654 assimulata
691 1608 794 1655 scribere
806 1610 875 1671 jubet
890 1609 1028 1669 Diomedet,
1042 1611 1083 1658 lib.
1094 1615 1118 1670 1,

68 1695 119 1741 pag.
136 1678 197 1735 362,
214 1689 328 1724 monente
347 1678 458 1734 Heinsio,
478 1693 526 1724 non
543 1677 667 1725 assimilata
681 1695 689 1724 .·
710 1691 790 1741 argute
808 1682 881 1742 magia
900 1696 971 1743 quam
989 1697 1059 1739 vere;
1075 1687 1118 1731 etti

67 1765 121 1796 naua
138 1748 241 1797 alterum
263 1747 325 1795 illud
341 1750 494 1796 comecratit.
516 1749 625 1796 Cantera't
644 1748 713 1796 Aldd.
732 1765 768 1812 pr.
789 1761 813 1796 et
830 1765 877 1796 tec.
894 1751 987 1798 Vtatial.
1009 1756 1117 1803 etheid.

68 1835 119 1874 cum
131 1821 235 1868 Gothan.
252 1835 298 1867 teo.
314 1820 417 1867 &mera
429 1820 527 1866 Mentel.
541 1837 578 1882 pt.
596 1820 781 1867 erientiam.
797 1822 907 1866 Gamertoe
922 1837 959 1884 ap.
974 1825 1119 1874 Priatianum

69 1903 93 1935 et
102 1891 206 1938 Matroh.
219 1890 238 1937 l.
250 1906 270 1936 e.
283 1889 377 1952 legitur.
386 1913 419 1926 -
429 1904 481 1952 ²²7·
499 1888 562 1935 haud
576 1893 646 1936 aneia
660 1905 696 1952 pr.
713 1889 810 1936 Mentel.
826 1902 849 1936 et
866 1907 902 1952 pr.
919 1892 1011 1955 Menag.
1022 1918 1056 1930 ·-
1065 1911 1118 1959 ²²9·

68 1965 152 2009 cama's
160 1979 204 2027 pro
215 1961 299 2010 talibas
309 1960 378 2008 Goth.
388 1977 441 2024 pn,
452 1971 480 2006 ut
489 1959 559 2006 Aldd.
573 1976 620 2008 ter.
635 1975 658 2007 et
670 1972 723 2007 tert.
742 1973 766 2006 et
778 1960 835 2006 hine
848 1960 899 2006 aliar
912 1961 967 2008 edd.
980 1979 1081 2029 eumque
1091 1970 1120 2015 iia

68 2031 375 2097 CuninghamNetuttioret
382 2047 438 2078 vero
445 2047 500 2078 cum
505 2030 600 2094 Aldpr.
608 2035 685 2079 cunco
688 2047 737 2095 pm,
744 2033 834 2078 vitione.
843 2047 885 2095 pro
892 2037 978 2080 aarum
984 2035 1054 2082 codd.
1063 2051 1120 2090 vett,

69 2116 106 2164 ap.
118 2103 179 2150 Pier.
195 2116 220 2151 et
233 2105 329 2160 Helua,
341 2105 420 2166 itaque
436 2101 475 2148 hic
488 2104 590 2165 recepit,
602 2104 645 2149 etti
656 2104 733 2148 minua
743 2100 849 2163 elegante
865 2101 989 2148 verboram
998 2107 1118 2166 Junctura.

69 2171 104 2217 Jo.
116 2173 242 2222 Schrader.
255 2173 375 2220 tentabat:
386 2171 460 2236 proh!
474 2176 561 2218 canath
576 2171 673 2218 omibus.
682 2197 714 2208 -
724 2171 777 2218 230.
791 2187 912 2218 nammae
925 2171 983 2219 hatra
996 2175 1065 2222 Goth.
1081 2193 1118 2239 pr.

70 2257 99 2288 aa
109 2243 193 2291 odibat
202 2247 276 2309 nquit
284 2243 375 2308 aliquot
386 2245 447 2290 Pier.
452 2277 461 2300 ,
471 2255 520 2290 tum
530 2243 591 2290 oud.
601 2261 613 2290 a
624 2259 655 2290 tn.
665 2243 802 2306 pr.-Menag.
812 2258 848 2306 pr.
858 2257 904 2289 tec.
915 2243 1024 2291 llottend.
1033 2247 1118 2294 Motet.

70 2329 122 2376 qa,
134 2315 200 2378 quod
210 2315 359 2362 commendat
371 2316 451 2362 lleina.
463 2329 534 2380 oeqaoe
547 2314 656 2362 nonnulli
665 2331 703 2379 ap.
716 2316 776 2361 Piet.
786 2339 817 2351 -
828 2313 879 2361 231.
893 2311 927 2360 ht'o
942 2324 1000 2362 troea
1013 2317 1118 2366 Parthas,

71 2381 94 2427 lu'
103 2393 157 2429 tunt
165 2385 276 2430 lleinaiut
287 2386 376 2447 recepit
386 2401 399 2431 e
408 2384 553 2432 melioribus.
564 2385 633 2449 Apud
643 2387 704 2431 Pier.
713 2397 781 2432 vetut
792 2383 853 2430 liber
863 2400 869 2430 r
883 2385 920 2428 En
933 2399 1009 2432 amaret
1018 2385 1041 2432 ta·
1052 2390 1120 2434 Troes

70 2463 92 2500 et
100 2457 203 2502 Amadaa
215 2455 308 2502 hiram.
316 2456 393 2520 Vulgo
402 2457 490 2504 lectum
500 2473 507 2504 t
519 2457 554 2504 lu'r
562 2467 623 2504 sunt.
635 2459 701 2504 Rom.
717 2456 767 2503 lu'nc
781 2466 847 2513 suat,
860 2473 981 2520 perperam
992 2461 1119 2522 scriptum

71 2521 112 2570 lib.
124 2527 229 2572 Brunoh.
238 2527 335 2582 adsunt,
344 2527 408 2590 quod
420 2543 469 2573 non
479 2529 609 2590 praeleram.
620 2554 652 2565 -
662 2529 715 2575 232·
727 2527 862 2592 Fataleaqae
871 2543 951 2574 mattas
959 2528 1050 2591 aliquot
1058 2532 1119 2576 Pier.

71 2609 93 2643 et
102 2598 190 2644 Medio.
201 2611 255 2644 enm
267 2595 319 2644 aliia
327 2598 406 2645 lleina.
416 2599 572 2664 Mortaletqae
583 2599 697 2647 Montalb.
707 2615 752 2662 pro
761 2599 808 2646 div.
822 2599 875 2646 leot.
889 2601 984 2646 Etrtata
993 2609 1065 2646 mater
1077 2601 1119 2646 Ed.

69 2684 104 2730 pr.
114 2671 194 2716 Burm.
205 2668 252 2714 Sed
261 2681 334 2714 totum
344 2685 436 2716 vertum
443 2684 577 2734 autpertum
588 2671 670 2718 haberi
680 2683 774 2718 neteate
784 2682 819 2716 eat
829 2687 834 2716 r
845 2687 915 2733 quent
927 2669 1010 2734 aliquit
1020 2671 1120 2733 auhjon-

71 2740 114 2795 1it‚
131 2742 173 2802 qui
190 2740 340 2783 Euuacorum
352 2738 492 2786 auxiliorum
506 2743 650 2788 mentionem
660 2741 745 2786 factam
756 2737 909 2785 desiderabat.
924 2739 992 2786 Certe
1005 2740 1121 2788 tententia

71 2807 194 2854 commoda
204 2805 310 2868 expediri
321 2806 359 2852 vix
370 2819 455 2870 potest.
466 2833 499 2846 -
511 2809 564 2856 233.
575 2807 689 2856 alermum
702 2809 777 2870 nigor.
791 2805 884 2854 alama
900 2804 958 2853 alter
972 2807 1066 2868 Meurig.
1081 2810 1121 2852 aa}

71 2875 153 2925 altemr'
164 2876 252 2922 hortem
265 2873 330 2922 Leid.

71 3027 128 3079 nitu
139 3024 229 3078 foedas
241 3024 340 3078 turbat.
354 3027 426 3076 conf,
440 3043 521 3098 supra
531 3029 572 3096 V,
618 3027 653 3081 ad
662 3029 788 3080 Etruscos
797 3036 920 3083 revocat3
935 3040 1001 3094 quoa
1010 3022 1054 3075 vel
1063 3041 1118 3074 om·

71 3107 131 3176 496.
143 3109 206 3178 497.
215 3106 317 3160 -228.
330 3105 451 3180 Marrob.
464 3125 573 3179 compa·
615 3111 680 3162 nino
695 3107 814 3179 epitheto
824 3105 876 3156 hoc
889 3105 1010 3168 ornavit,
1023 3115 1053 3154 ut
1065 3105 1117 3154 sint

71 3203 113 3240 rat
127 3209 141 3242 e
153 3189 228 3240 Furii
243 3187 339 3240 Annal.
357 3187 573 3262 Xllumorerque
616 3207 712 3261 agmen
730 3186 836 3248 dirum,
856 3195 971 3248 tetrum,
993 3182 1115 3244 exitiale;

71 3279 160 3320 terunt
171 3268 272 3333 varios,
283 3278 310 3319 et
322 3265 408 3318 multa
425 3268 570 3340 requirunt.
616 3267 658 3320 vel
668 3279 697 3316 ut
705 3265 850 3335 respexerit
859 3263 918 3316 AEn.
928 3260 974 3312 lib.
985 3262 1054 3328 Vlll,
1065 3263 1116 3334 497

72 3374 108 3386 -
118 3363 177 3415 ²²9·
186 3365 236 3418 pro
245 3347 346 3399 cunctis
358 3345 453 3400 talibus
459 3367 469 3408 ‚·
480 3349 508 3398 in
518 3347 573 3400 lau·
616 3363 675 3416 sqq.
683 3364 690 3406 3
699 3357 729 3396 ut
741 3361 847 3415 quoque
859 3341 1055 3405 Cerdaeviaum;
1068 3345 1119 3396 etsi

74 3423 134 3477 dem
141 3426 243 3478 dietum
250 3446 284 3480 ne
291 3426 398 3495 dubita,
409 3426 451 3479 vel
463 3439 574 3498 propter
616 3425 670 3478 hoc
681 3423 824 3476 molestum
838 3427 902 3474 satis
919 3434 945 3474 et
961 3422 1040 3494 longe
1052 3426 1120 3495 peti·

74 3520 111 3556 va.
125 3522 181 3576 seq.
198 3525 248 3577 pro
264 3507 323 3572 his,
335 3525 384 3577 pro
398 3506 520 3558 omnihus
532 3506 573 3560 hia
619 3519 675 3558 tum
687 3518 727 3558 est
739 3526 746 3566 ς
758 3516 788 3555 ut
802 3517 827 3556 et
837 3501 920 3567 illud,
933 3503 955 3554 si
968 3501 1031 3554 fatis
1044 3503 1116 3558 dehi-

74 3585 136 3636 viria
149 3586 280 3647 fortibus,
293 3587 377 3656 quiet
390 3587 441 3656 ipsi
454 3604 574 3658 pugnare
618 3599 672 3639 tam
684 3603 793 3638 manum
803 3582 949 3652 intelligas,
962 3594 991 3633 ut
997 3582 1066 3652 fatis
1075 3585 1117 3636 de·

74 3673 214 3732 poterant,
227 3683 337 3716 numero
348 3675 374 3714 et
387 3664 484 3716 viribus
494 3665 572 3737 aqui.
618 3665 687 3716 litus
697 3664 785 3714 Aruas
797 3674 853 3714 erat
869 3660 921 3725 xt,
935 3661 994 3731 759.
1013 3662 1117 3732 infensa

74 3769 109 3782 -
122 3743 180 3796 232.
193 3743 292 3797 Fatalis
304 3761 397 3795 martas
407 3764 415 3793 .·
427 3743 466 3795 De
478 3743 573 3814 Troja·
617 3756 729 3814 propter
737 3754 875 3812 receptum
888 3741 1001 3792 aTurno
1010 3739 1119 3814 hospite

76 3822 116 3872 nis
126 3861 135 3890 ‚
147 3826 193 3894 qni
204 3823 322 3877 fataliter
334 3821 369 3873 ad
379 3821 573 3877 Italiamvene-
617 3824 776 3876 Mezentium
794 3821 859 3874 ibid.
876 3839 902 3872 v.
923 3820 973 3888 492
990 3839 1066 3892 seqq.
1084 3851 1119 3862 -

77 3915 153 3968 rant,
169 3907 213 3956 vix
229 3905 297 3956 bene
318 3920 378 3954 cunr
394 3903 484 3958 Servio
504 3906 574 3956 acci·
618 3903 679 3956 233.
701 3903 728 3958 V
727 3903 754 3954 ir
770 3901 866 3954 hortem
872 3923 881 3962 ,·
901 3901 1018 3956 breviter
1035 3921 1119 3974 expo-

78 3981 134 4048 piaa
146 4004 152 4033 ι
165 3996 276 4057 propter
288 3981 429 4054 copulam,
447 4001 505 4054 quat
520 3983 573 4036 hoo
618 3987 687 4050 tuit,
701 3981 775 4054 quod
785 3983 915 4034 homerus
932 3995 1055 4036 ornatum
1068 3983 1118 4036 de·

148 4067 173 4134 t
463 4107 469 4116 ·
904 4084 937 4134 ν
