2690 4598
241 236 282 301 26
486 239 521 301 P.
543 233 773 297 VIRGILII
796 233 1026 304 MARONIS

239 359 318 421 Mox
330 355 384 421 hic
395 377 470 420 cum
483 357 609 445 spoliis,
623 358 748 444 ingenti
760 355 849 422 caede
861 353 1007 445 peracte,

240 460 363 527 Adfoie
376 464 534 528 cernetis:
548 479 682 528 nec'nos
693 464 746 527 via
757 463 839 526 fallit
852 467 978 528 euntis:

240 567 390 632 Vidimus
402 568 549 633 obscuris
561 570 702 657 primam
714 567 775 632 sub
788 568 926 633 vallibus
938 569 1055 633 urbem

240 675 370 738 Venatu
381 673 534 754 adsiduo,
548 692 581 739 et
592 691 699 740 totum
711 676 924 761 cognovimus
936 697 1077 738 emnem.
1091 705 1105 734 e
1240 690 1283 748 245
1329 735 1330 738 ,

241 779 306 843 Hic
318 781 411 844 anuis
424 781 543 868 gravis,
556 797 655 869 etque
667 780 767 844 animi
780 796 926 844 moturus
937 780 1066 844 Aletes:

246 885 312 947 «nt
323 886 432 972 patrii,
447 909 588 974 quorum
600 907 731 973 semper
742 884 803 949 sub
816 885 951 948 numine
964 884 1064 974 Troja
1077 901 1142 966 est,

239 992 316 1054 Non
328 1006 436 1054 tamen
450 993 585 1055 omnino
596 994 745 1056 Teucros
759 990 868 1054 delere
880 991 1018 1078 peratis,

240 1095 351 1176 Quum
364 1096 436 1159 talis
447 1097 573 1161 animos
581 1096 757 1186 juvenum,
772 1112 805 1160 et
817 1111 884 1159 tam
896 1112 984 1160 certa
997 1095 1116 1160 tulistis

243 1271 277 1317 lu'o
288 1288 340 1317 cum
351 1271 439 1334 spoliis,
453 1276 537 1336 inperiti
543 1274 603 1318 ccede
611 1282 714 1334 peracto,
725 1272 806 1336 Affers
815 1275 909 1318 censetis
918 1287 949 1317 sc.
960 1287 1007 1317 nos.
1017 1274 1050 1318 lta
1065 1271 1129 1317 haud
1145 1272 1219 1320 dubie
1228 1289 1288 1336 prae·
1329 1277 1330 1280 ’

241 1357 297 1400 stat,
310 1347 399 1390 AEnean
410 1354 432 1390 et
443 1348 523 1390 moenie
534 1343 621 1406 legere.
634 1346 719 1389 Contra
731 1346 762 1388 od
771 1346 863 1398 moente,
875 1342 938 1404 apud
949 1345 1045 1398 moenia,
1059 1347 1085 1388 in
1096 1342 1231 1400 Pallanteo,
1242 1348 1286 1390 im·

241 1414 345 1475 peditam
363 1413 417 1459 facit
433 1417 570 1460 orationem.
583 1417 700 1476 quesitum
705 1433 714 1469 5
732 1414 761 1459 ed
773 1413 937 1477 querendum
953 1425 981 1458 ut
990 1415 1015 1458 in
1027 1413 1084 1459 illo:
1097 1416 1172 1460 Missa
1183 1423 1217 1460 est
1229 1413 1287 1460 illico
1329 1415 1330 1438 ³

243 1483 326 1530 ancilla
336 1488 467 1530 arcessitum
484 1485 629 1531 obstetricem.
645 1484 757 1547 Displicet
769 1497 846 1530 tamen
858 1484 896 1530 vel
907 1486 956 1530 sic:
970 1488 991 1528 si
1000 1484 1098 1547 fortuna
1114 1488 1243 1547 permittitis
1254 1485 1288 1530 uti
1329 1483 1330 1510 ἒ

243 1558 370 1619 quesitum.
389 1558 422 1602 lta
439 1555 519 1602 saltem
535 1568 653 1618 praestaret
667 1571 758 1604 versum
769 1557 893 1614 Quaesitum
905 1555 964 1602 infre
976 1568 1028 1618 post
1039 1557 1126 1602 verba:
1141 1571 1184 1602 nec
1200 1571 1241 1602 nos
1251 1558 1287 1599 via
1329 1577 1330 1580 =

235 1623 304 1687 fallit
314 1635 402 1682 euntes,
414 1626 545 1672 collocare:
558 1625 622 1688 quod
634 1629 702 1672 etiam
712 1625 768 1672 olim
778 1624 904 1672 nonnullos
916 1625 996 1672 iecisse
1009 1641 1021 1671 e
1036 1627 1115 1672 Servio
1127 1625 1234 1671 discitur.
1248 1626 1287 1668 ln-

243 1707 278 1740 ter
290 1694 339 1741 lraec
350 1707 427 1742 tamen
438 1710 486 1741 non
504 1694 564 1740 illud
575 1695 733 1757 quaerebatur,
753 1707 779 1742 ut
796 1697 840 1757 ipsi
859 1711 911 1740 cum
928 1693 1004 1757 spoliis
1016 1707 1040 1740 et
1049 1697 1110 1740 ccede
1124 1704 1221 1757 peraeto
1234 1709 1287 1738 mox

179 1763 182 1770 ⁴
244 1763 363 1820 adesseut;
375 1763 440 1826 quod
449 1766 545 1810 omnino
555 1767 632 1810 animo
642 1767 766 1827 concipere
776 1780 824 1810 non
837 1765 954 1811 debebunt
960 1767 1070 1826 juvenes,
1082 1779 1126 1810 nec
1136 1766 1287 1826 promittere,

244 1833 364 1878 aconsilio
376 1834 421 1879 hoc
432 1833 514 1880 saltem
525 1836 627 1880 seniores
636 1851 675 1880 eos
685 1833 802 1880 debebant
813 1835 942 1898 deterreret
952 1850 1044 1889 verum,
1052 1835 1116 1896 quod
1127 1833 1287 1896 quaerebatur,

241 1915 293 1950 erat
302 1904 358 1960 hoc,
373 1917 399 1950 ut
410 1907 486 1950 AEneae
496 1908 642 1961 nuntiarent,
655 1915 728 1950 castra
744 1905 858 1958 obsideri,
878 1921 978 1968 eumque
995 1906 1060 1950 ocius
1071 1904 1221 1950 reducerent.
1234 1905 1286 1948 Erec
1329 1909 1330 1912 ’

241 1991 316 2038 quum
323 1978 354 2022 ita
362 1979 415 2032 sint,
423 1979 517 2022 monitis
527 1977 569 2022 viri
579 1977 643 2022 docti
652 1993 732 2038 pareo,
742 1988 765 2022 et
775 1977 871 2022 alteram
877 1991 940 2022 nunc
947 1978 1060 2023 rationem
1068 1975 1210 2038 amplector,
1218 1990 1287 2037 quam

242 2047 268 2092 in
276 2048 342 2093 Notis
354 2051 462 2110 exposui5
474 2050 516 2094 etsi
527 2063 571 2093 nec
582 2064 632 2094 earn
644 2051 699 2096 satis
709 2047 803 2110 placere
819 2049 920 2110 ingenue
931 2047 1013 2093 inteor.
1024 2046 1133 2093 Alienum
1144 2048 1207 2092 enim
1220 2048 1287 2092 etiam

243 2116 273 2162 ab
285 2119 360 2162 AEneae
369 2119 448 2164 reditu
459 2118 516 2174 hoc,
531 2131 557 2164 ut
566 2134 616 2164 cum
628 2117 719 2182 spoliis,
738 2122 823 2183 inqenti
830 2120 891 2164 ccede
900 2128 1004 2182 peracta,
1023 2117 1063 2165 ille
1080 2119 1179 2164 adesset.
1192 2143 1225 2154 -
1238 2116 1288 2172 243.

236 2186 308 2249 fallet
319 2188 405 2233 Medic.
415 2191 469 2235 Post
479 2189 556 2234 urbem
566 2206 599 2236 vs.
609 2205 675 2253 sequ.
685 2191 882 2253 interpungebant
892 2190 932 2235 alii
943 2202 996 2236 ante
1006 2191 1085 2235 Heius.
1098 2191 1145 2234 Noa
1154 2191 1288 2249 interpunc-

244 2260 330 2303 tionem
341 2262 479 2307 mutavimus
491 2277 522 2307 vs.
535 2259 586 2316 243.
603 2261 655 2318 245.
666 2287 698 2298 -
711 2261 763 2318 ndi.
775 2266 872 2324 primam
890 2263 969 2306 Heius.
988 2273 1040 2323 post
1052 2263 1154 2307 Pierium
1172 2259 1286 2305 defendit.

243 2327 312 2389 Apud
323 2330 425 2374 Nonium
433 2335 538 2392 primum.
552 2333 612 2377 Tum
621 2331 665 2378 sub
677 2333 787 2378 maenibus
799 2333 860 2378 Gud.
871 2333 936 2378 Leid.
950 2345 973 2394 et
982 2334 1078 2395 Regium
1092 2332 1204 2378 codicum*
1213 2343 1289 2376 tamen

244 2400 381 2444 auctoritate
398 2411 421 2445 et
440 2400 544 2462 epitheto
560 2401 660 2448 obscuris
676 2405 729 2448 entis
747 2403 882 2450 defenditur
892 2401 935 2447 sub
946 2399 1048 2447 vallibus.
1066 2404 1125 2446 Sane
1137 2399 1252 2446 Palatium
1264 2400 1290 2443 in

244 2480 324 2515 monte
336 2481 384 2515 erat
395 2472 463 2516 situm
475 2489 481 2518 :
494 2473 524 2518 ei,
535 2474 601 2529 Vlll,
615 2475 652 2519 53.
664 2476 716 2519 Jem
726 2491 783 2522 sero
790 2475 863 2520 nolim
875 2475 970 2520 dicere:
983 2473 1096 2536 oppidum
1108 2475 1134 2518 in
1146 2471 1208 2519 clivo
1220 2486 1289 2516 mon·
1329 2525 1330 2534 γ

244 2539 273 2584 tis
284 2541 385 2599 positum
401 2543 540 2602 significari:
554 2547 650 2605 prinam
663 2543 812 2590 subcollibus
824 2543 914 2598 ordume
927 2559 983 2598 nee,
997 2555 1067 2604 puto,
1078 2542 1140 2587 bene
1153 2541 1226 2587 latine
1238 2541 1288 2586 dic·

243 2620 293 2657 tum
303 2610 363 2656 foret
373 2627 379 2657 z
390 2615 487 2674 primam
498 2614 644 2662 estivallibus
656 2615 746 2672 urbem,
757 2629 811 2662 ante
822 2615 907 2664 vallem
919 2617 985 2662 sitem
994 2627 1034 2660 aut
1042 2615 1118 2676 primo
1129 2623 1287 2675 conspectam·

243 2679 291 2725 Sed
300 2681 424 2742 amplectar
436 2686 550 2731 rationem
559 2686 765 2748 simplicissimam,
775 2703 845 2750 quam
855 2689 948 2732 Servius
957 2701 1052 2750 qnoque
1060 2687 1184 2747 proposuit
1194 2700 1200 2730 τ
1213 2695 1239 2728 ut
1247 2681 1289 2727 sut

212 2769 214 2772 ·
243 2751 340 2797 vallibus
351 2753 381 2798 ad
396 2756 491 2800 vidimus
501 2757 639 2803 retrahatur.
652 2760 698 2804 Nos
710 2763 733 2804 in
744 2759 848 2806 obscuris
857 2757 956 2806 vallibus
970 2759 1040 2820 positi
1051 2756 1151 2802 vidimus
1165 2767 1211 2800 etc.
1224 2756 1287 2806 Fuit,

243 2823 285 2885 qui
294 2821 339 2868 hoc
349 2838 444 2885 negaret
455 2837 517 2871 recte
527 2826 626 2882 factum
639 2839 661 2872 et
671 2827 700 2873 ad
710 2828 897 2874 emendationem
910 2825 1037 2889 proclivior
1046 2836 1117 2880 esset,
1130 2823 1172 2868 sut
1184 2821 1286 2869 collibus.

241 2887 274 2928 ¹-
283 2889 334 2948 245.
347 2901 472 2942 tummsec.
481 2896 590 2942 Rottend.
599 2897 629 2942 cf.
637 2899 715 2943 Bmm.
722 2924 754 2935 -
761 2897 813 2955 246.
823 2899 884 2942 Hinc
890 2895 1004 2942 Montalb.
1011 2897 1091 2940 aremus
1098 2902 1202 2938 moturus
1209 2893 1288 2946 Rom..

242 2963 333 3023 Sprot„
352 2963 402 3010 bini
418 2967 515 3023 llamb„
529 2967 571 3013 sed
582 2971 646 3030 prior
657 2985 670 3013 a
682 2985 712 3015 m.
725 2985 770 3015 sec.
782 2981 806 3016 et
814 2969 856 3014 Ed.
867 2969 927 3014 Ven.
940 2983 992 3013 cunr
1005 2965 1074 3011 Goth.
1085 2976 1153 3020 tem,
1165 2963 1209 3010 sed
1217 2964 1288 3024 magis

243 3034 335 3092 poetica
345 3034 415 3082 formo
424 3040 501 3082 onimi-
512 3038 608 3101 Vulgari
618 3039 692 3086 forma
701 3053 735 3086 est
745 3039 829 3102 aliquis
838 3041 913 3084 annno
922 3046 1010 3082 nucero
1015 3053 1023 3090 ,·
1032 3047 1082 3080 tum
1093 3035 1231 3096 exquisitius
1240 3047 1288 3076 ota·

245 3108 309 3147 turus
324 3108 410 3160 animo,
432 3107 525 3153 tandem
537 3125 609 3170 graeca
621 3109 695 3154 forme
708 3117 811 3154 moturus
826 3111 902 3154 animi.
921 3110 958 3154 Sic
975 3108 1017 3154 tevi
1034 3113 1135 3150 maturus
1145 3106 1196 3150 AEn.
1207 3105 1237 3158 V,
1251 3101 1288 3164 73.

244 3171 293 3216 lloc
305 3175 380 3234 ipsum
392 3181 435 3221 oevt'
444 3194 473 3222 m.
486 3178 593 3240 legerunt
605 3179 713 3226 nonnulli
724 3181 786 3243 apud
799 3180 905 3225 Cerdam.
916 3177 994 3224 Aletes
1004 3188 1067 3222 recte
1081 3193 1087 3220 t
1101 3169 1203 3224 Ἀλήτης.
1221 3191 1242 3220 v.
1259 3171 1288 3216 ad

244 3239 268 3294 l,
287 3255 342 3295 1213
353 3241 393 3287 alii
403 3244 487 3301 Aletes,
500 3246 544 3293 hoc
557 3266 651 3312 quoque
660 3249 708 3294 sul.
718 3250 771 3295 Sab.
785 3247 891 3304 Aether,
905 3246 997 3292 Aletes.
1005 3272 1037 3283 —
1045 3244 1096 3306 247-
1112 3243 1150 3288 1)Ῐί
1159 3245 1242 3306 patris,
1254 3245 1287 3285 in·

246 3310 340 3374 dipem,
357 3329 453 3374 quorum
464 3317 505 3362 sub
520 3320 624 3365 Parrhas.
639 3336 651 3364 e
663 3318 749 3381 glossa,
768 3333 796 3366 ut
806 3321 866 3367 bene
879 3322 957 3365 Burm.
974 3330 1046 3363 notat.
1060 3319 1148 3362 nomine
1161 3317 1244 3359 Franc.
1259 3335 1288 3347 -

248 3380 299 3436 248·
311 3387 409 3442 parastis
416 3387 484 3432 Goth.
496 3404 540 3434 see.
553 3415 584 3425 -
597 3390 648 3450 249.
661 3399 684 3435 et
695 3407 707 3436 e
717 3391 786 3437 codd.
795 3390 875 3436 intulit
883 3391 962 3436 Heius.
973 3388 1102 3436 secundum
1111 3387 1228 3440 Pieriam
1241 3385 1289 3429 Sci-

226 3522 361 3575 =Servius
372 3527 452 3580 Recte
465 3529 640 3598 quidem3sed
651 3534 743 3583 Fortu·
791 3535 924 3603 provecti,
943 3535 971 3583 in
990 3531 1104 3582 obseura
1119 3528 1191 3580 velle
1208 3527 1289 3579 collo·
1329 3601 1330 3604 Ἴ

248 3617 283 3654 tta
292 3603 375 3653 multo
384 3604 460 3657 latius
470 3621 543 3678 patet
552 3611 689 3681 multoque
701 3630 742 3661 or·
792 3614 844 3663 cati
861 3612 981 3664 vidimus
992 3631 1006 3662 e
1022 3611 1170 3680 longinquo
1189 3606 1289 3659 Pallon·

248 3685 742 3754 natiumetpotentiusverbumest.—
791 3687 1287 3758 teumineditolocopositum-448·
1329 3683 1330 3688 ¹

249 3761 308 3828 ²44·
322 3763 553 3834 Expeditissimum
564 3783 620 3835 est,
634 3785 664 3822 ut
676 3771 743 3821 vidi·
791 3773 887 3822 Putant
904 3771 999 3840 respici
1011 3768 1105 3839 Odyss.
1124 3768 1150 3828 d,
1165 3766 1218 3836 754
1230 3783 1287 3836 sqq.
1329 3803 1330 3806 η

249 3842 453 3897 tnusadverba
472 3848 646 3901 estivallibus
664 3862 744 3902 retra·
791 3851 855 3900 Mox
874 3859 957 3901 certus
974 3848 1050 3900 aliter
1067 3865 1148 3916 quam
1166 3864 1191 3895 v.
1212 3847 1248 3915 96
1265 3857 1289 3896 et
1329 3845 1330 3890 ἶ

249 3920 624 3994 hatur3utsitznos‚venatu
633 3931 742 3983 ulterius
792 3929 867 3992 alibi;
886 3941 925 3981 ost
946 3931 981 3995 is,
999 3929 1042 3980 eui
1060 3938 1177 3993 certum,
1197 3925 1289 3978 decre·
1329 3933 1330 3994 J
