2736 4598
272 263 337 342 254
517 260 551 322 P.
576 253 808 320 VIRGILII
832 255 1067 323 MARONIS

270 390 356 452 Tros
370 385 525 460 Italusve,
539 379 620 443 mihi
632 380 754 466 pariter
765 375 822 441 det
834 378 992 464 sanguine
1005 402 1128 467 poenas

271 497 347 558 Post
360 514 420 578 ego
433 487 521 552 nube
534 509 611 552 cava
623 481 817 548 miserandae
830 505 949 572 corpus
963 501 996 548 et
1007 508 1097 549 arma

271 597 447 687 inspoliata
460 596 563 658 feram
576 591 719 668 tumulo,
733 580 913 679 patriaeque
925 613 1094 678 reponam.
1110 621 1123 651 a

270 706 376 770 Dixit:
389 719 422 766 at
434 701 488 764 illa
499 699 580 764 levis
593 698 662 762 caeli
676 696 807 784 delapsa
820 719 880 784 per
891 720 986 762 auras
1272 711 1316 772 595

270 811 433 886 Insonuit‚
448 808 541 894 nigro
555 802 755 869 circumdata
767 803 899 866 turbine
912 826 1043 891 corpus.

313 919 354 979 At
366 936 481 979 manus
495 913 619 975 interea
631 910 733 974 muris
745 908 888 998 Trojano
899 911 1114 1000 propinquat,

268 1023 463 1110 Etruscique
477 1017 592 1096 duces,
607 1017 824 1105 equitumque
837 1017 997 1081 exercitus
1011 1017 1133 1096 omnis;

267 1130 438 1219 Conpositi
450 1149 589 1190 numero
602 1126 636 1188 in
648 1141 772 1188 turmas
786 1148 792 1186 z
807 1125 918 1188 fremit
930 1147 1062 1214 aequore
1075 1117 1159 1190 toto'

270 1240 433 1306 Insultans
446 1235 593 1322 sonipes,
608 1249 640 1296 et
651 1233 772 1319 pressis
784 1248 909 1319 pugnat
919 1231 1057 1296 habenis
1271 1247 1316 1294 600

269 1352 344 1414 Huc
356 1323 513 1409 obversus
527 1357 559 1403 et
571 1339 651 1418 huc3
664 1355 735 1402 turn
747 1337 811 1401 late
824 1339 951 1402 ferreus
964 1337 1064 1402 hastis

300 1517 352 1575 59²·
371 1510 486 1572 Italusque
503 1509 614 1563 Roman,
633 1519 682 1560 tum
698 1506 785 1552 Medic.
804 1519 827 1552 et
847 1506 888 1552 alii
906 1518 952 1554 tres
972 1507 1075 1563 Heinsii,
1094 1511 1173 1554 minus
1193 1509 1264 1556 bene.
1286 1537 1316 1548 -

269 1586 321 1648 593.
335 1580 459 1630 miserabile
474 1597 510 1642 pr.
525 1579 607 1624 Hamb.
619 1604 651 1614 —
663 1575 715 1639 594.
733 1578 869 1622 Intemernta
884 1579 965 1623 Franc.
976 1577 1066 1624 cumulo
1079 1577 1169 1624 zulich.
1187 1581 1316 1644 tumuloque

266 1659 381 1720 putrisque
393 1654 453 1696 Ven.
464 1675 494 1685 -
506 1651 557 1710 595.
574 1649 639 1694 Dixit
650 1657 673 1693 et
684 1646 723 1694 illa
734 1647 821 1694 Medic.
839 1661 862 1694 et
877 1649 938 1694 Ven.
956 1649 1066 1695 Dixerat:
1079 1649 1119 1696 itta
1130 1651 1201 1696 Goth.
1215 1668 1262 1697 sec.
1278 1654 1315 1710 de-

268 1727 331 1791 lapsa
341 1727 419 1771 Heius.
429 1724 517 1784 primus
525 1735 537 1764 e
546 1719 633 1764 Medic.
645 1731 668 1765 et
678 1718 728 1764 aliis
739 1734 745 1763 ι
758 1721 819 1765 inter
829 1735 887 1782 quos
897 1719 945 1765 duo
954 1719 1048 1782 dilapsa.
1058 1721 1144 1782 Vulgg.
1154 1720 1201 1784 leg.
1212 1725 1316 1768 demisse.

266 1825 298 1836 -
308 1798 360 1860 596.
373 1797 519 1856 insonuitque
529 1795 592 1856 niqra
603 1808 639 1853 pr.
653 1791 735 1836 Hamb.
750 1790 851 1837 Advolat
862 1801 884 1836 et
893 1795 954 1855 viaqo
965 1794 1047 1838 Franc.
1061 1795 1079 1836 Ι.
1093 1791 1158 1857 ionqo
1169 1809 1191 1838 c.
1202 1794 1292 1841 Zuiicb.
1304 1813 1317 1840 a

266 1887 298 1916 m.
313 1885 349 1931 pr.
363 1869 455 1930 teqmine
466 1863 537 1908 Goth:
550 1875 603 1908 tert.
614 1861 660 1907 Sed
673 1861 760 1906 turbine
774 1875 849 1916 recte,
860 1862 889 1907 de
903 1862 966 1908 nube
981 1863 1091 1914 obscura.
1104 1875 1130 1908 ut
1139 1866 1188 1924 jam
1201 1865 1258 1911 alibi
1267 1865 1316 1911 iac-

266 1952 316 1986 tum
331 1939 444 1990 vidimus,
459 1948 482 1982 et
496 1934 644 1978 Homericum
659 1930 732 1986 ilaec,
748 1931 832 1986 steina.
847 1957 878 1968 -
893 1934 945 1994 597.
958 1937 1028 1978 muris
1043 1937 1148 1996 tectisque
1161 1938 1317 1999 propinquent

266 2013 351 2056 citatur
363 2024 375 2052 a
387 2005 482 2052 Valerio
498 2003 575 2048 Probo
588 2006 613 2048 in
624 2004 687 2048 Arte.
701 1998 732 2048 Th
743 2005 895 2066 prupirrqauut
905 2004 1009 2064 impense
1019 2001 1127 2064 placebat
1135 2005 1241 2050 Heinsio.
1252 2022 1274 2052 v.
1287 2006 1316 2050 ad

241 2097 243 2101 ’
261 2081 306 2128 lib.
317 2082 349 2136 X,
361 2079 413 2126 238.
425 2103 456 2112 —
469 2075 521 2136 598.
534 2077 657 2138 Etrurique
669 2073 706 2120 vel
718 2075 807 2122 Etrurii
822 2074 890 2120 multi
901 2075 965 2136 apud
981 2076 1060 2120 Heius.
1072 2088 1095 2120 et
1103 2076 1197 2130 Burm,
1206 2075 1315 2122 librario-

263 2170 315 2200 rum
326 2155 408 2216 utique
420 2151 510 2196 inscitia
516 2166 522 2203 ;
532 2150 575 2193 etsi
585 2148 686 2194 dubitari
697 2148 735 2192 vix
746 2158 835 2208 potest,
847 2146 875 2191 ab
885 2149 953 2192 initio
964 2147 1062 2196 [lauros
1072 2159 1095 2193 et
1104 2146 1222 2194 Etruriam
1231 2148 1314 2211 fuisse;

262 2236 288 2274 et
297 2223 407 2284 temporis
419 2235 526 2266 successu
539 2218 637 2264 alterum
654 2221 679 2264 in
694 2219 791 2264 Etruros
801 2229 824 2262 et
836 2217 944 2264 Etruscos
960 2218 1050 2264 abiisse.
1063 2219 1140 2265 Prima
1151 2221 1313 2280 pronuntiatio

266 2294 363 2338 Turseut'
376 2302 399 2335 et
415 2292 484 2334 Tarsi
497 2288 686 2341 sustentetur,
701 2288 756 2334 inde
772 2291 851 2342 Triari,
871 2291 949 2343 Tresi‚
969 2289 1073 2343 Etrusci,
1090 2301 1114 2334 et
1129 2287 1240 2335 molliore
1256 2305 1312 2336 sono

268 2366 347 2418 Tusci,
365 2363 453 2406 Tuscia.
466 2359 520 2404 Vid.
535 2360 665 2405 Commeat.
676 2363 728 2405 Soc.
739 2360 801 2409 Gott.
815 2360 843 2404 Τ.
857 2360 981 2415 111,P.11,
996 2378 1019 2422 p.
1032 2360 1069 2408 38.
1081 2386 1111 2398 -
1122 2363 1174 2421 599.
1187 2362 1312 2424 Composito

263 2431 351 2482 zulich.
365 2434 388 2476 in
397 2431 461 2476 abest
471 2428 533 2474 binis
542 2431 619 2474 Burm.
631 2443 654 2475 et
665 2429 734 2476 Goth.
746 2441 798 2476 tert.
811 2432 836 2474 in
847 2429 925 2475 turbas
934 2431 997 2476 idem
1010 2443 1033 2476 et
1041 2434 1119 2493 Sprot.
1130 2433 1153 2474 in
1166 2435 1246 2477 turmis
1255 2433 1312 2477 Par-

262 2503 324 2551 rbas.
337 2505 360 2546 t'n
373 2510 457 2546 turmas
470 2514 563 2544 nurnero
577 2499 625 2546 duo
636 2501 715 2548 Burni.
724 2501 820 2552 -,600.
833 2498 910 2562 pulsat
923 2499 976 2546 Ald-
986 2503 1037 2562 (pr.
1046 2502 1054 2559 )
1064 2509 1155 2563 spumat
1167 2501 1227 2546 Tan.
1240 2501 1311 2546 Faber
1348 2509 1351 2520 '

264 2573 384 2626 emendat,
399 2587 534 2634 perperam
548 2585 602 2614 nam
620 2568 710 2616 habenis
720 2576 807 2634 puqnat
826 2583 860 2616 est
877 2583 957 2616 contra
973 2569 1075 2616 habenas
1090 2585 1180 2631 pressas
1196 2568 1312 2623 luctatur,
1364 2615 1365 2630 ἦ

262 2645 327 2708 quod
339 2646 417 2690 Barm.
428 2642 529 2689 illustrat
539 2658 545 2688 ε
557 2652 583 2686 ut
595 2635 733 2701 μάχεσθαί
742 2657 795 2688 urit.
810 2667 842 2677 —
855 2641 908 2688 601.
923 2656 1042 2688 conversus
1053 2640 1139 2688 Medic.
1156 2641 1219 2686 Gud.
1235 2644 1309 2703 Sprot.
1363 2709 1364 2716 ¹

263 2779 309 2848 qui
320 2795 395 2828 sacra
409 2775 523 2839 violant,
542 2794 557 2825 a
570 2773 626 2826 Diis
644 2777 760 2847 puniun·
809 2791 913 2845 aequore
929 2785 989 2826 toto.
1006 2803 1041 2814 ·-
1056 2774 1115 2843 599.
1135 2791 1262 2824 numere.-
1275 2772 1308 2824 ad

262 2855 493 2924 tur.—-592.593.
503 2854 666 2924 Sarpedonis
675 2857 761 2918 fatum
809 2871 950 2905 numerum
978 2873 1053 2906 suum
1083 2853 1218 2918 rnilitum,
1241 2870 1307 2923 quos
1362 2841 1363 2864 ¹

261 2951 323 2988 aute
341 2937 432 2988 oculos
452 2953 483 2986 ex
501 2934 577 2985 iliad.
594 2955 626 2995 rr,
645 2934 704 3000 453.
725 2935 759 2985 cf.
811 2952 921 3004 quaeque
942 2948 1027 2986 turma
1050 2932 1151 2985 habere
1173 2933 1306 2994 debehat;
1361 2933 1362 2980 i

263 3035 344 3086 supra
361 3015 394 3066 ad
410 3034 435 3066 v.
452 3014 511 3080 432.
525 3043 559 3052 -
572 3013 631 3082 594.
650 3014 762 3084 patria,
808 3013 879 3065 unde
896 3016 977 3066 etiam
995 3014 1116 3078 numeri,
1133 3015 1197 3083 ipsae
1215 3013 1307 3066 cohor·

259 3114 364 3166 graece:
384 3097 411 3146 in
428 3095 558 3164 patriam,
580 3092 622 3144 vel
635 3094 663 3142 in
675 3095 763 3162 patria
806 3107 862 3158 tes,
881 3105 981 3145 turma.
999 3095 1060 3144 Non
1077 3093 1228 3145 audiendus
1252 3093 1307 3145 Ser·

259 3173 456 3243 terra.-·-595.
475 3173 533 3241 596.
547 3173 763 3224 volatusveloci-
806 3173 864 3223 vius
890 3172 950 3243 599.
980 3173 1039 3226 600·
1058 3172 1120 3225 601.
1150 3170 1306 3240 tramenta

259 3267 342 3305 tutem
351 3252 760 3323 benedeclaravitperinsonuit:
806 3251 950 3322 descriptio
964 3271 1093 3323 equorum
1106 3255 1305 3324 generosiorum
1358 3277 1359 3286 ¹

260 3333 382 3383 involuta
394 3333 515 3396 turbine,
527 3334 604 3404 nigra
616 3331 695 3382 nube.
805 3332 1006 3384 incedentium:
1027 3331 1161 3386 Insultans
1183 3333 1238 3386 vid.
1260 3333 1303 3386 Ge.
1357 3395 1358 3406 7

296 3412 356 3479 597.
371 3429 464 3461 munus
475 3411 605 3480 Trojana;
617 3411 651 3462 de
663 3410 757 3480 pedes·
802 3413 855 3474 111,
872 3427 927 3482 ¹¹7·
939 3423 1043 3484 pupnat
1056 3425 1161 3482 spectat
1173 3412 1209 3465 ad
1222 3414 1305 3465 reluc·
1357 3417 1358 3446 ³

258 3490 294 3540 tri
306 3491 424 3560 agmine,
435 3491 507 3560 quod
519 3493 614 3542 AEneas
625 3490 756 3557 ducebat,
801 3493 928 3543 tationem
940 3509 1083 3562 equorum,
1097 3495 1143 3562 qui
1157 3494 1242 3545 frenis
1260 3511 1302 3544 co·

260 3568 367 3636 accipe,
378 3581 408 3618 ut
420 3571 559 3638 sequentia
575 3569 609 3620 de
626 3570 755 3638 equitatu.
800 3569 888 3622 hiberi
906 3589 934 3623 se
946 3575 989 3623 vix
1001 3574 1154 3641 patiuntur,
1168 3585 1194 3624 et
1208 3592 1302 3644 repug-
1355 3625 1356 3628 ,

259 3666 284 3698 v.
298 3665 356 3716 sup.
371 3646 430 3715 449.
445 3647 505 3713 450.
520 3649 566 3700 511
581 3665 638 3719 sqq.
655 3662 682 3700 et
693 3649 755 3700 Not.
801 3663 866 3702 nant
885 3673 891 3701 ε
911 3649 975 3702 hinc
988 3651 1050 3702 Huc
1066 3652 1185 3703 obversus
1201 3663 1229 3702 et
1246 3652 1300 3702 lruc.
1355 3657 1356 3677 ³

259 3723 294 3776 ad
311 3724 370 3775 522.
388 3725 534 3779 Constabat
551 3741 638 3780 autem
655 3731 758 3799 equita·
802 3730 929 3783 Prudent.
941 3731 1080 3803 Psychom.
1098 3731 1147 3802 194
1161 3733 1225 3784 Huc
1243 3731 1303 3782 illuc

257 3816 301 3853 tus
320 3805 432 3854 maxime
449 3823 481 3856 ex
497 3806 632 3858 Etruscis:
653 3825 711 3877 sup.
732 3825 756 3860 t.
797 3811 926 3881 frendens
935 3811 1045 3863 obvertit
1056 3822 1128 3882 terqa
1138 3814 1300 3866 etc-601.
1353 3851 1354 3858 .

257 3883 318 3950 450.
331 3881 390 3953 517.
407 3895 433 3935 et
449 3885 511 3934 Not.
526 3885 561 3936 ad
577 3886 628 3954 519
645 3886 709 3938 eth.
723 3886 757 3953 lt,
802 3891 862 3943 602.
876 3893 1012 3944 Poeticuni
1023 3889 1077 3943 hoe
1089 3891 1254 3962 phantasma
1265 3911 1301 3945 sa·
1348 3940 1353 3950 .

256 3963 332 4033 itque
344 3981 393 4034 per
404 3981 512 4034 campos
525 3965 665 4020 incedebat
676 3989 682 4018 ι
695 3965 758 4036 hinc
802 3972 835 4020 tis
849 3983 960 4022 notum:
977 3982 1003 4023 et
1017 3971 1073 4040 jam
1092 3969 1159 4024 alibi
1178 3972 1302 4026 observo
