2690 4596
196 295 264 380 '422
531 292 744 361 MAPHAEI
767 292 917 358 VEGII

198 423 403 508 Purpuream
416 418 525 486 effuso
537 418 706 508 pulsantes
719 418 878 506 sanguine
889 435 1021 482 terram.

198 527 332 590 Viscera
345 524 524 614 diripiunt:
539 540 571 589 et
582 547 704 590 caesurn
716 525 750 590 iu
762 525 866 588 frusta
878 522 1059 602 trucidant,

199 631 446 722 Denudantque
459 655 607 720 gregem,
624 647 656 694 et
668 630 823 710 flammis,
838 629 1052 719 verubusque
1064 631 1250 696 remittunt.

199 739 288 802 Tum
301 738 375 802 vina
390 737 570 802 effundunt
582 737 717 824 pateris,
732 752 765 801 et
777 734 863 800 dona
877 736 965 826 Lyaei

199 845 433 922 Accumulant3
447 843 553 930 plenis
567 857 767 906 venerantur
778 840 926 906 lancibus
938 862 1026 920 aras3
1226 853 1254 900 tt

200 949 315 1018 Thura
329 950 420 1037 ignes
431 947 582 1027 adolent;
596 964 729 1012 onerata
740 947 1003 1012 altariafumant.
1315 935 1318 940 ¹

246 1058 334 1122 Tum
346 1058 480 1145 plausus
492 1079 553 1144 per
564 1073 650 1122 tecta
661 1073 810 1135 movent,
825 1077 1050 1144 magnumque
1062 1056 1257 1120 Tonantem

200 1165 384 1243 Extollunt,
398 1166 644 1252 Veneremque,
659 1181 692 1227 et
703 1179 750 1239 te,
764 1162 914 1227 Saturnia
925 1162 1030 1240 June,

200 1273 273 1336 Jam
287 1269 464 1359 placidam,
479 1287 512 1334 et
524 1268 694 1335 meliorem
707 1269 832 1356 ingenti
843 1267 942 1332 laude
955 1268 1118 1346 fatentur,

200 1379 454 1465 Mavortemque
467 1376 594 1463 ipsum:
608 1393 678 1440 tum
691 1391 800 1440 cetera
812 1373 909 1438 turba
924 1376 1072 1437 Deorum
1210 1407 1212 1416 =
1230 1403 1259 1450 7·

201 1485 241 1548 ln
256 1482 404 1547 medium
416 1482 569 1563 effertur,
581 1482 722 1548 summis
733 1504 809 1546 cum
821 1479 959 1546 vocibus
971 1479 1057 1545 altos

201 1587 330 1654 Perlata
342 1587 512 1654 ad'caelos:
525 1605 602 1653 aute
615 1610 730 1654 omnes
743 1588 866 1674 gratior
877 1608 964 1650 unus

141 1751 145 1760 .
203 1697 320 1760 AEneas
334 1693 482 1782 duplices
495 1694 645 1759 mittebat
656 1692 700 1758 ad
711 1693 833 1758 aethera
845 1691 983 1780 palmas,
1028 1773 1030 1779 Ι

203 1801 245 1864 Εῑ
257 1824 398 1887 puerum
406 1804 515 1888 'pauca
528 1823 585 1865 ore
598 1799 696 1865 dabat
708 1799 900 1887 complexus
913 1798 1023 1863 Iulum
1036 1820 1044 1859 ι

106 1921 114 1938 ·
207 1935 220 1965 a
233 1909 329 1988 Nate,
344 1909 377 1972 in
390 1931 458 1997 quo
471 1930 546 1996 spes
558 1931 624 1972 una
636 1907 752 1995 patris,
765 1929 826 1994 per
837 1921 927 1970 tauta
938 1903 1095 1971 laborum
1234 1917 1260 1980 75

203 2019 311 2100 Quem
323 2018 421 2083 variis
432 2036 523 2083 actus
536 2019 611 2083 fatis
623 2016 812 2082 discrimina
825 2013 919 2094 duxi,

203 2124 289 2188 Ecce
302 2124 434 2187 inventa
448 2125 557 2212 quies3
572 2146 648 2189 ecce
661 2123 715 2186 illa
728 2137 871 2188 extrema
884 2119 1064 2198 malorum,

204 2225 370 2292 AErumnis
383 2229 508 2292 factura
521 2228 673 2308 modum,
687 2211 913 2315 acceptissima
925 2247 1073 2313 semper,

203 2336 313 2421 Atque
326 2349 436 2418 optata
449 2332 534 2411 dies,
549 2357 648 2421 quam
661 2331 743 2398 dura
756 2333 790 2396 in
802 2331 890 2397 bella
902 2347 1054 2411 vocatus,
1131 2385 1137 2400 .

203 2436 297 2524 Saepe
309 2436 368 2499 tibi
382 2439 439 2500 Dis
451 2436 640 2524 auspicibus
652 2459 853 2502 memorasse
866 2438 1010 2502 futuram
1231 2448 1259 2495 to

204 2543 279 2606 Jam
292 2541 446 2606 memini:
460 2537 608 2622 anneta,
623 2566 727 2633 quum
737 2543 884 2631 primum
897 2545 1025 2608 Aurora
1036 2539 1176 2608 rubebit

203 2649 365 2728 Crastina,
379 2647 555 2714 sublimem
568 2649 767 2714 Rutulorum
779 2647 821 2713 ad
833 2650 955 2713 moenia
967 2647 1109 2714 mittam.
1125 2677 1140 2708 n

207 2851 368 2922 (secundum
382 2853 535 2924 Donatum)
547 2863 573 2902 et
586 2852 688 2914 eximii;
700 2853 769 2903 sicut
781 2851 864 2903 bores
878 2851 973 2903 intacti
980 2889 989 2916 ,
1006 2863 1034 2904 et
1050 2869 1114 2902 oves
1132 2850 1208 2902 lectae
1224 2850 1258 2902 ob

206 2932 350 2984 candorem
360 2933 473 2983 niveum.
486 2961 512 2970 -·
521 2931 564 2996 64.
571 2932 637 2982 Tum
645 2930 706 2982 vina
714 2929 962 3001 effunduntputeris
971 2941 1021 2982 etc.
1029 2927 1062 2981 Et
1069 2932 1258 3000 moxsequitur

206 3010 275 3061 dona
288 3009 360 3080 Lyaei
368 3007 554 3073 accumulant,
568 3009 601 3060 etl
614 3021 799 3060 ornamentum
812 3009 915 3061 scilicet
927 3011 983 3074 rei,
999 3011 1184 3080 quamprimo
1199 3011 1259 3060 sim·

203 3091 311 3160 pliciter
327 3090 464 3142 extulerat.
474 3120 506 3128 -
518 3089 561 3141 66.
584 3089 673 3142 Tlratra
692 3089 763 3161 ignes
779 3087 894 3141 adolent.
912 3089 998 3140 Multo
1016 3090 1168 3162 elegantius
1182 3091 1257 3140 Maro

205 3167 258 3218 boc
270 3168 355 3220 idem:
369 3166 520 3220 adolescunt
533 3168 637 3239 ignibus
652 3185 719 3228 aroe5
733 3167 830 3240 Georg.
842 3169 968 3237 lV,379=
982 3182 1009 3221 et
1020 3168 1128 3221 AEneid.
1146 3171 1174 3235 1,
1193 3167 1257 3238 704:

207 3247 322 3306 {lammis
330 3245 434 3298 adolere
444 3246 558 3317 penates.
570 3248 622 3300 Ubi
635 3247 766 3299 videndus
780 3260 819 3300 est
831 3249 958 3320 Heynius.
1082 3239 1088 3246 ’

241 3325 284 3393 67.
298 3328 481 3398 Magnumque
498 3326 653 3379 Tonantem.
671 3329 707 3377 Ut
720 3329 765 3397 qui
778 3328 895 3378 fatorum
910 3339 1020 3390 auctor,
1039 3339 1066 3378 ct
1083 3329 1175 3399 stirpis
1192 3329 1259 3378 'l'ro-

203 3405 272 3472 janae
285 3419 373 3474 eaput.
387 3405 429 3456 Sic
442 3418 468 3456 et
480 3407 507 3457 iu
520 3409 640 3478 proxime
653 3409 773 3476 sequenti
788 3407 916 3460 Venerem
929 3407 1079 3472 extollunt,
1095 3411 1161 3479 qnia
1173 3411 1258 3460 AEneae

205 3494 305 3546 mater,
321 3503 351 3535 ex
366 3485 497 3537 Anchisat
513 3489 645 3540 Junonem
657 3505 737 3552 vere,
752 3501 798 3550 ut,
817 3505 875 3556 qum
885 3489 942 3556 jam
958 3487 1108 3553 mitiorem,
1122 3489 1258 3541 meliorem

205 3562 323 3610 seutiam
334 3574 422 3630 postea
432 3565 555 3634 praebeat.
564 3595 598 3604 -
607 3565 648 3634 78.
660 3566 799 3618 AErumnis
803 3565 915 3636 factura
928 3567 1046 3617 modum.
1060 3569 1156 3622 Finem
1172 3572 1258 3640 impo-

204 3639 305 3688 situra:
324 3641 360 3690 sic
377 3642 469 3694 eodem
487 3661 564 3696 sensu
579 3645 670 3696 modus
683 3665 699 3696 a
712 3647 823 3697 Marone
835 3659 999 3719 usurpatum
1014 3647 1123 3700 AEneid.
1143 3649 1197 3715 IV,
1211 3649 1256 3718 98:

205 3713 249 3765 sed
259 3713 318 3783 quis
332 3716 383 3766 erit
395 3721 505 3772 modus?
522 3735 547 3773 et
564 3722 681 3774 alibi-
692 3724 733 3776 82.
748 3723 911 3791 Sublimem,
925 3738 974 3778 etc.
992 3724 1065 3777 lllud
1083 3739 1126 3780 est
1142 3728 1217 3801 quod
1233 3729 1257 3778 in
1288 3747 1293 3759 ¹

205 3793 308 3845 AEneid·
322 3792 386 3858 ΧΗ,
400 3797 453 3862 436
464 3801 606 3870 pollicetur
618 3805 674 3858 sio:

351 3973 353 3985 ,
557 3923 636 3978 Nunc
648 3938 674 3977 te
687 3947 747 3980 mea
757 3928 865 3980 dextera
879 3927 952 3981 bello

310 3993 454 4047 Defensum
465 3997 556 4067 dabit,
571 4015 597 4054 et
609 4023 705 4076 magna
717 4009 787 4062 iuter
799 4009 908 4080 premia
921 4007 1008 4062 ducet.
