2724 4600
412 273 477 337 ln
500 273 701 340 arentin
723 277 786 342 rx.
1080 289 1120 375 ⁸7

75 411 127 462 tes,
140 413 208 469 quas
217 397 271 468 ipsi
286 397 315 448 iu
327 395 408 448 rebus
420 396 543 468 gerendis
555 397 668 450 tuendas
679 397 793 466 habent,
808 401 864 454 fers
882 403 946 456 satis
957 402 1039 458 babet
1050 408 1122 460 inse-

76 494 132 528 rere
141 475 216 529 illam
226 474 405 546 particulam,
417 475 494 526 initio
503 477 576 528 facto
588 493 605 527 a
615 477 712 528 vocula
722 478 835 545 interea,
845 497 870 531 v.
884 501 907 533 c.
918 483 955 550 X,
968 501 978 535 1
991 484 1125 536 Panditur

76 554 189 615 luteum·
207 572 235 605 v.
254 553 308 605 606
325 555 460 608 lunonem
473 554 587 615 interea,·
599 555 649 620 XI,
665 555 716 608 532
732 555 853 610 Velocem
869 560 979 624 interam
994 561 1029 613 ad
1043 580 1123 634 quem

13 657 14 664 ¹
77 634 165 685 locum
184 634 292 686 Servius
310 651 418 704 quoque
437 634 583 705 abruptum
598 647 625 686 et
644 636 848 706 vituperabilem
860 644 999 694 transitum
1010 649 1122 699 notavit.

76 714 161 766 Aliam
173 717 307 768 rationem
316 727 399 786 poeta
407 713 434 766 b.
445 713 461 764 l.
472 717 607 786 sequitur,
619 734 711 768 verum
720 729 745 767 et
754 718 782 768 in
792 717 843 772 bac
852 722 908 774 fere
917 722 1011 776 eadem
1021 725 1123 780 chorda

77 793 201 847 oberrat:
215 794 315 865 Apollo
327 807 384 846 tum
396 793 470 864 forte
480 793 596 866 desuper
607 813 725 868 pugnam
737 795 772 848 sd
785 813 881 852 novam
897 801 1004 871 Trojsm
1016 818 1123 875 specta-

76 871 130 924 bat.
141 875 227 946 Atqui
239 875 443 927 necaliterAEn.
458 877 483 939 l,
497 875 548 928 223
559 873 732 946 Etscmfinir
742 888 809 938 erut3
823 897 906 950 quum
914 883 1122 953 supereminere
1189 941 1193 946 ,

11 953 13 964 ’
76 969 178 1006 nmmo
187 953 340 1025 Despiciem
351 971 424 1005 mare
436 981 471 994 -
485 954 605 1007 Constitit
613 967 639 1006 et
650 956 738 1024 Libya
750 953 841 1026 defixit
852 955 955 1009 lumina
967 962 1058 1034 regnis.
1069 963 1122 1016 lte-

77 1048 133 1081 rum
144 1031 193 1084 lib.
210 1033 272 1098 vll,
284 1032 337 1085 286
345 1034 416 1084 Juno
428 1033 463 1085 sb
474 1033 550 1105 Argis
560 1031 643 1084 redux
649 1033 723 1103 sorte
733 1036 863 1105 prospicit
875 1035 983 1090 AEneam
995 1039 1030 1090 ad
1041 1039 1123 1092 ltalia

75 1109 260 1166 litusolassem
272 1113 465 1185 appellantem,
478 1125 505 1165 et
516 1113 577 1180 ΧΗ,
591 1112 640 1179 134
649 1113 686 1164 Ar
695 1116 768 1166 June
777 1131 792 1165 e
802 1133 903 1167 summo
912 1109 1073 1188 Prospiciens
1081 1119 1131 1172 tu?

77 1187 207 1242 monete.
218 1191 411 1245 Defendiforte
423 1192 605 1264 possuntlocs
615 1194 663 1244 inf.
675 1193 722 1245 lib.
733 1194 782 1258 XI,
796 1192 847 1263 7²⁵
857 1209 915 1266 sqq.
926 1197 988 1262 XII,
1002 1215 1051 1268 79²
1062 1217 1127 1270 sqq..

10 1247 15 1272 ⁸
77 1269 109 1320 Et
119 1282 184 1321 sunt
196 1270 251 1323 alia
263 1271 369 1326 felicius
382 1274 519 1338 instituta,
530 1285 561 1323 ut
572 1271 620 1324 lib.
634 1274 679 1339 lV,
696 1287 747 1342 ²¹9
759 1291 799 1343 sq.
814 1276 847 1341 V,
857 1274 909 1342 604
922 1294 961 1347 sq.
978 1278 1059 1348 Apud
1072 1281 1125 1332 no-

77 1367 180 1402 merurn
199 1351 265 1424 deos
279 1352 387 1418 sedere,
400 1365 427 1406 et
443 1352 606 1405 Achivorum
618 1353 848 1424 Trojauorumque
861 1356 954 1427 praelia
967 1362 1122 1430 prospicere

78 1447 129 1480 non
140 1431 286 1498 miramur,
299 1451 381 1504 quum
392 1446 482 1504 partes
493 1432 604 1485 deorum
615 1434 727 1504 quisque
741 1449 803 1486 suas
814 1435 929 1488 tuendas
936 1439 1080 1494 sustineat:
1094 1453 1123 1492 st

75 1509 174 1580 Apollo
186 1511 232 1565 bic
242 1515 344 1567 otiosus
356 1513 436 1586 plane
446 1513 553 1581 sedere,
564 1531 615 1565 neo
627 1527 707 1584 poeta
719 1516 784 1566 satis
796 1516 1026 1586 praemonuisses
1037 1519 1123 1573 videri

76 1601 178 1659 potest,
188 1591 286 1662 atejus
296 1593 504 1646 sollicitudinem
514 1593 547 1645 de
557 1594 629 1644 exitu
638 1611 726 1645 rerum
736 1595 877 1646 commodo
887 1595 948 1648 loco
963 1616 1123 1652 commemo-

8 1683 9 1690 *
78 1681 156 1720 reret.
167 1669 195 1721 Si
207 1684 297 1724 umen
314 1671 437 1724 subtilius
449 1691 480 1724 sc
493 1671 646 1744 diligentias
658 1672 803 1738 deliberes,
821 1676 910 1726 stetim
925 1677 1015 1727 animo
1028 1693 1122 1730 occur-

76 1763 135 1801 rent
150 1749 209 1803 brec
220 1773 228 1801 .·
241 1753 338 1824 Apollo
357 1771 411 1806 non
423 1753 504 1805 modo
518 1753 706 1806 vaticiniorum
718 1752 751 1806 de
763 1755 851 1806 AEneae
867 1768 893 1806 ct
911 1759 1074 1826 posteritatis
1093 1761 1121 1812 in

7 1849 17 1890 gv
78 1828 154 1880 ltalia
175 1830 240 1882 sede
260 1845 367 1897 auctor,
388 1832 512 1904 idemque
528 1835 584 1902 jam
604 1831 677 1903 apud
695 1833 839 1884 Homerum
857 1835 980 1903 Trojanis
996 1836 1076 1888 rebus
1095 1851 1123 1890 et

76 1907 165 1960 AEneae
176 1909 302 1978 studens,
314 1913 383 1963 fuit:
399 1929 491 1964 serum
506 1911 551 1964 ille
566 1913 646 1964 etiam
658 1913 727 1963 iuter
738 1911 802 1963 deos
814 1913 934 1981 inprimis
950 1914 973 1963 is
989 1926 1062 1978 erat,
1076 1919 1122 1985 qui

77 2001 181 2059 gentem
193 1990 293 2044 Juliam
305 1992 402 2064 insigni
414 1994 521 2058 favore,
541 1993 680 2064 insiguiter
690 2009 740 2061 per
750 2009 868 2062 pugnam
883 1991 1020 2043 Actiacam
1032 1993 1122 2046 decla-

77 2079 134 2118 rato
152 2067 225 2138 (rid.
248 2087 308 2142 sup.
320 2072 395 2136 Vlll,
417 2072 468 2142 704
488 2071 594 2142 seqq.),
617 2069 835 2140 amplecteretur3
854 2067 979 2140 idemque
999 2071 1121 2125 Palatino

77 2149 177 2218 templo
189 2163 301 2203 ornatus
313 2153 372 2204 fuit.
383 2151 435 2204 Sed
447 2166 473 2204 et
485 2152 543 2204 aliis
555 2153 622 2204 locis
632 2151 768 2202 meliorem
778 2151 908 2200 rationem
920 2153 1020 2222 reperit
1029 2151 1121 2218 Maro,
1211 2221 1213 2227 ,

78 2227 159 2278 utlib.
173 2229 199 2292 l,
215 2230 265 2297 rad
274 2245 348 2303 sqq.,
359 2231 406 2283 ubi
413 2231 554 2302 Neptunus
562 2247 659 2302 magno
667 2228 910 2282 miserrimamure
915 2239 1028 2300 pontum
1035 2231 1122 2284 Emis·

77 2325 183 2378 samque
190 2308 303 2361 lumem
310 2310 395 2373 sensit,
403 2310 450 2363 lib.
463 2309 507 2375 lV,
518 2306 1123 2380 a19suditlupiterpreceslnrboe‚ctsicDido·

77 2407 137 2441 nem
147 2391 313 2462 AEneamque
326 2393 442 2462 respicit.
453 2393 585 2444 Uttemeu
599 2390 650 2442 bl.
659 2389 790 2461 Apollinis
798 2407 881 2459 opera
889 2399 1021 2454 uteretur,
1029 2390 1123 2442 induc·

77 2472 239 2522 tuamesime
251 2473 398 2523 Homericis
410 2472 513 2542 aliquot
524 2469 682 2523 locisvideri
691 2482 795 2542 potest,
805 2469 925 2540 inprimis
933 2469 1041 2532 Iliada,
1054 2471 1120 2539 433,

77 2546 135 2615 ⁴45.
146 2567 173 2616 p,
183 2547 236 2601 323
248 2567 301 2620 sq..
314 2549 362 2602 ubi
370 2550 469 2621 Apollo
480 2549 567 2602 AEnee
577 2560 715 2616 occursat,
726 2549 815 2618 priore
825 2547 886 2598 loco
896 2549 977 2599 etiam
988 2567 1019 2600 ex
1028 2549 1122 2620 praelio

78 2627 246 2680 vulneratam
258 2643 358 2696 servet,
370 2643 400 2682 ut
411 2630 438 2682 h.
454 2631 472 2682 l.
485 2631 628 2684 Ascanium
640 2647 657 2681 n
665 2627 812 2700 praeliando
826 2626 991 2680 dehortatur.

109 2706 235 2760 Ceterum
247 2708 319 2762 idem
327 2709 425 2780 Apollo
438 2723 500 2780 post
510 2727 562 2761 ess.
575 2707 641 2778 659,
653 2710 706 2762 660
718 2708 870 2780 agnoscitur
882 2729 887 2758 ι
903 2725 1032 2779 agnovere
1042 2708 1120 2759 deum

65 2793 67 2800 '
76 2803 193 2858 precem
204 2788 349 2860 diuinaque
360 2788 414 2840 tela
420 2790 581 2841 Dardanidae
589 2788 793 2860 pharetramque
795 2787 866 2859 fuga
873 2805 970 2838 smsere
976 2797 1121 2840 sonantem.

76 2866 145 2937 Ergo
156 2867 186 2918 in
192 2866 264 2940 suga
275 2866 303 2918 b.
316 2869 344 2919 in
355 2867 488 2935 discessu,
499 2871 572 2920 lintre
582 2869 699 2920 formam
709 2879 818 2920 exuerat
829 2866 941 2936 Apollo,
954 2865 1070 2916 divinam
1081 2885 1124 2918 re·

77 2958 193 3015 ceperat.
206 2945 285 2998 Conf.
298 2947 406 2998 Eanum.
419 2947 588 3000 XllledAEn.
597 2947 679 3012 l,·ubi
689 2959 830 3018 puetarum
842 2944 920 3014 bujua
928 2942 1122 3014 phantasmatis

78 3036 249 3093 ornamenta,
260 3027 514 3098 tractandornmque
527 3043 620 3078 eorum
631 3025 706 3077 modi
718 3043 750 3076 ac
760 3026 808 3075 vin
826 3039 842 3074 a
857 3040 899 3073 me
914 3023 1039 3090 expositae
1051 3035 1121 3072 sunt.

60 3103 213 3176 'Originem
225 3118 253 3157 et
264 3124 386 3160 caussam
403 3107 482 3177 hujus
501 3107 695 3178 phantasmatis
712 3104 850 3155 bominum
867 3100 999 3152 mentibus
1016 3101 1124 3153 subnati

5 3207 10 3224 ν
77 3185 173 3253 partim
182 3186 239 3254 jam
253 3186 349 3238 eodem
361 3188 421 3240 locu
431 3205 494 3259 pag.
510 3187 557 3256 167
575 3183 633 3256 (ed.
646 3203 688 3256 pr.
701 3202 762 3255 pag.
778 3183 844 3252 ras)
859 3183 1013 3250 innuerem,
1025 3182 1124 3252 partim

76 3282 147 3316 nunc
168 3265 293 3318 disertius
312 3285 452 3339 exponam.
471 3267 578 3321 Scilicet
597 3281 678 3337 vum
695 3283 744 3317 nec
760 3264 858 3316 noeais
875 3263 969 3314 animis
981 3263 1060 3315 facile
1075 3267 1123 3332 sit,

78 3347 181 3413 quoties
194 3363 293 3399 numen
303 3351 464 3421 cogitamus,
477 3364 493 3400 s
505 3348 594 3419 specie
604 3347 778 3398 humanioris
792 3360 823 3395 ac
834 3343 922 3397 vultus
935 3358 1048 3396 mentem
1061 3364 1124 3396 avo·

77 3439 151 3488 cure,
164 3426 230 3494 quin
241 3427 346 3496 species
356 3428 447 3499 aliqua
454 3427 576 3480 bumana
588 3425 685 3477 similis
697 3425 779 3477 menti
791 3424 960 3489 obversetur,
974 3438 1029 3475 tum
1040 3426 1123 3476 multo

76 3503 159 3573 magis
168 3501 277 3555 rudissm
289 3503 427 3559 bominum
439 3507 532 3558 aniciis
544 3505 641 3557 insidet
652 3505 877 3576 speciesnuminis
886 3504 986 3573 aliqua,
998 3517 1024 3556 et
1035 3506 1124 3556 forma

76 3579 198 3631 bumana
210 3582 319 3646 similis3
331 3602 381 3637 neo
393 3586 471 3637 aliter
482 3582 510 3636 id
522 3584 579 3636 lieri
595 3587 696 3655 potuit,
715 3596 858 3652 antequam
870 3582 993 3633 subtilior
1004 3583 1125 3653 philoso-

76 3657 139 3728 phia
159 3661 352 3731 cogitationem
371 3664 405 3716 de
427 3664 478 3716 deo
492 3663 528 3716 ad
546 3677 675 3729 mentera,
688 3661 763 3723 stols,
782 3663 911 3713 avocarit.
925 3661 1042 3714 Necesse
1055 3663 1124 3714 adeo

75 3738 138 3804 luit,
151 3751 182 3789 ut
191 3739 288 3792 diviua
300 3755 400 3794 natura
411 3743 593 3796 tribuerentur
603 3761 649 3806 ea,
661 3757 719 3812 quse
729 3755 829 3792 natura
840 3739 962 3791 bumana
972 3743 1124 3791 communia

5 3811 6 3818 ἵ
74 3831 151 3870 sunt:
164 3821 217 3872 nisi
226 3821 302 3892 qnod
311 3825 414 3892 mapsa
426 3841 476 3895 pro
488 3836 589 3875 uaturae
602 3821 724 3874 humente
737 3819 846 3872 modulo
861 3838 920 3872 esse
933 3819 1122 3871 credebantur.

74 3899 213 3952 consentit
223 3903 254 3953 in
262 3901 317 3954 boc
327 3903 414 3956 amnis
423 3915 557 3968 vetustas,
572 3905 652 3956 etiam
664 3902 877 3973 patriarcharum
888 3914 916 3953 et
927 3899 1046 3952 Iudaica
1059 3917 1124 3971 gen·

74 3977 118 4039 tin
137 3981 273 4034 coboentit
292 3985 379 4036 omnis
394 3982 573 4036 barbarorum
589 3997 621 4036 ac
637 3983 758 4034 ferarum
775 3980 936 4054 populorum
955 3979 1051 4048 stirps;
1067 3978 1126 4046 ipss
