2690 4596
211 274 275 354 424
539 271 751 338 utrum
772 273 922 339 reon

206 395 379 484 Sceptrum
392 392 480 460 idem
493 394 634 460 sublime
647 413 757 485 geret:
771 399 933 462 sententia
944 415 1093 465 mentem

208 503 288 566 Hzrc
300 500 400 566 habet
411 526 418 564 z
431 519 464 566 at
475 501 564 566 bello
576 525 649 582 vos,
663 520 696 567 et
708 503 938 592 praestantibus
949 507 1050 570 armis

207 609 332 672 Discite
345 632 398 672 me
411 623 443 671 et
455 609 576 696 pietate
588 611 682 698 sequi
695 633 702 671 ι
716 633 790 699 quae
803 611 906 697 gloria
918 611 1013 676 nobis

208 714 363 793 Cessent,
378 714 411 776 in
424 731 579 802 promptu
592 731 657 794 est,
669 714 727 780 sed
740 716 872 795 caelum,
886 733 919 781 et
931 716 1039 782 sidera
1051 734 1172 798 testor,
1198 764 1201 776 ‚
1215 746 1256 780 ιω

207 820 272 902 Qui
286 841 343 884 vos
356 837 521 884 tantorum
535 821 640 908 eripui
654 820 696 885 de
708 819 800 886 clade
813 822 991 904 malorum,
1327 811 1328 818 ἵ

209 926 303 991 ldem
317 949 378 1014 ego
391 925 453 990 sub
465 925 587 1016 majora
600 944 718 1014 potens
731 949 789 991 vos
802 929 937 1016 praemia
950 928 1080 994 ducam.
1093 959 1107 988 ι
1172 994 1178 1006 ,

250 1032 388 1097 Talibus
401 1033 527 1111 orabat,
541 1033 647 1096 varios
659 1032 692 1096 in
705 1050 839 1121 pectore
852 1057 945 1099 casus

206 1141 392 1204 Praeteritos
406 1140 555 1216 volvens,
569 1155 761 1227 pactamque
773 1138 886 1204 labore
899 1141 1046 1229 quietem

208 1244 305 1309 Haud
320 1267 440 1333 parvo:
454 1245 592 1308 nimium
604 1243 732 1308 ardenti
746 1244 932 1309 exundabat
942 1269 1057 1311 amore

208 1353 246 1414 ln
259 1354 421 1430 Teucros,
436 1351 588 1438 gravibus
600 1350 733 1414 taudem
747 1353 887 1416 evasisse
900 1351 1031 1439 periclis

205 1457 378 1520 Exsultans
390 1480 397 1519 :
411 1457 513 1521 veluti
526 1457 650 1544 exiguis
663 1480 766 1546 quum
780 1479 819 1520 ex
831 1457 953 1522 retbere
966 1481 1087 1548 gyrans

207 1563 363 1627 Incubuit
375 1562 488 1650 pullis,
503 1579 535 1626 et
547 1583 667 1650 magno
679 1562 811 1626 turbine
824 1562 943 1628 milvus

206 1668 359 1732 Insiliens
371 1666 469 1731 avido
482 1690 539 1731 ore
552 1668 645 1745 furit,
659 1685 869 1758 stragemque
880 1669 1040 1750 minatur;

207 1774 294 1838 Tum
309 1774 436 1837 cristata
450 1773 517 1838 ales
529 1773 681 1862 perculso
694 1791 829 1861 pectore
841 1791 946 1840 mater

207 1880 397 1966 Consurgit,
412 1880 532 1943 misero
545 1895 696 1942 natorum
710 1881 861 1943 exterrita
874 1901 965 1958 casu,
1023 1928 1027 1936 .

206 1988 362 2052 Rostrum
374 1987 475 2064 acuit,
489 1986 634 2074 totisque
646 1985 728 2073 petit
740 1986 912 2051 conatibus
924 1985 1072 2066 hostem,

205 2093 247 2156 Et
260 2093 361 2157 multa
375 2093 548 2182 expulsum
560 2093 592 2155 vi
605 2089 739 2156 tandem
751 2090 869 2156 cedere
882 2093 986 2180 cogit;

205 2197 335 2261 Dehinc
348 2197 556 2284 perturbatos
569 2198 730 2262 crocitans
744 2197 899 2286 exquirit,
913 2213 946 2261 et
959 2220 1077 2263 omnes

115 2303 119 2313 '
205 2303 371 2366 Attonitos
383 2303 560 2390 cogit‚pro
573 2303 655 2368 caris
666 2304 760 2366 anxia
772 2304 871 2383 natis,
1218 2318 1258 2364 115

206 2503 239 2554 Et
251 2503 308 2572 ipse
323 2500 418 2552 AEneas
431 2501 458 2550 in
471 2497 564 2550 eodem
577 2498 663 2564 libro,
679 2518 704 2550 v.
720 2516 787 2569 179,
805 2500 875 2552 Deos
890 2517 981 2553 omnes
998 2513 1082 2572 atque
1095 2501 1184 2556 solem
1201 2519 1260 2573 pre·

138 2637 140 2641 ,
205 2593 280 2635 catus
292 2581 397 2632 fuerat:

309 2719 370 2768 Non
384 2735 433 2789 ego
446 2736 495 2768 nec
508 2716 618 2770 Teucris
631 2717 711 2770 ltalos
723 2737 817 2790 parere
827 2719 943 2789 jubebo,

308 2799 365 2849 Nec
378 2796 443 2848 mihi
455 2815 536 2867 regna
548 2810 627 2868 peto:
643 2799 752 2868 paribus
767 2817 794 2850 se
806 2799 910 2870 legibus
923 2798 1008 2850 ambe

309 2878 415 2928 lnvirtae
427 2887 517 2947 gentes
529 2889 627 2928 aeterna
639 2879 665 2928 in
679 2877 781 2929 foedera
792 2881 906 2928 mittant.

312 2991 455 3006 ......
475 2955 595 3026 Urbique
608 2956 683 3008 dabit
695 2957 805 3009 Lavinia
817 2977 924 3008 nomen.

202 3137 237 3150 «-
252 3125 309 3162 toa.
323 3108 377 3161 sut
392 3107 491 3178 majora
501 3117 593 3178 potens
605 3125 647 3158 vos
653 3109 764 3178 premia
776 3109 870 3159 dueum
890 3107 972 3174 Quod
982 3109 1188 3178 interpreteris;
1203 3125 1256 3158 am·

201 3189 274 3261 plior
285 3207 351 3258 ego,
364 3187 460 3258 opibus
473 3204 520 3236 voe
533 3188 707 3256 amplioribus
720 3187 827 3252 ditabo;
840 3189 1004 3260 potentiores
1015 3186 1154 3254 efficiam,
1166 3189 1256 3257 impe·

202 3271 271 3320 rium
282 3269 383 3320 scilicet
395 3268 499 3339 longius
514 3267 689 3319 extendendo.

243 3347 288 3400 105
315 3348 427 3400 Ardenti
447 3347 597 3398 exundabat
615 3367 712 3400 amore.
730 3349 791 3401 Non
809 3361 871 3419 apte
887 3349 951 3399 satis
968 3346 1107 3400 cohaerere
1124 3347 1255 3410 videntur

200 3427 246 3479 hic
255 3429 337 3480 verba
350 3431 483 3480 exundare
494 3440 521 3479 et
532 3447 638 3494 amore,
651 3431 702 3481 nisi
712 3429 914 3482 similitudinem
922 3429 1031 3480 duxeris
1043 3447 1060 3480 a
1072 3429 1197 3499 liquore,
1209 3427 1257 3497 qui

202 3504 266 3556 dum
284 3506 393 3570 ebullit,
409 3525 456 3557 vas
473 3509 569 3558 sensim
588 3521 744 3578 exsuperat,
759 3527 873 3580 moxque
891 3508 1024 3572 exundat,
1044 3508 1100 3559 late
1118 3507 1255 3559 diffusus:

202 3601 260 3653 quar
272 3583 429 3653 metaphora
441 3605 495 3636 non
508 3589 632 3639 convenit
644 3589 729 3640 amori
738 3591 815 3663 Regis
826 3608 888 3661 erga
899 3589 1041 3660 populum.
1049 3617 1086 3626 -
1099 3604 1158 3658 ¹⁰7·
1172 3584 1259 3637 veluti

201 3661 321 3733 exiguis,
332 3673 382 3711 etc.
395 3665 471 3716 Justa
484 3664 591 3735 quidum
603 3672 786 3738 comparatio,
799 3690 847 3722 nec
860 3669 1001 3721 infeliciter
1012 3686 1063 3739 pro
1073 3679 1186 3731 nostro,
1198 3684 1257 3718 ven

199 3739 243 3792 bis
255 3756 393 3807 expressa,
402 3747 522 3810 quamvis
535 3747 680 3816 prolixior:
693 3750 737 3802 sed
748 3749 839 3801 ultimi
850 3767 934 3800 versus
946 3750 1018 3799 omni
1031 3747 1114 3800 laude
1127 3746 1256 3818 digni.-

203 3821 261 3871 108.
272 3817 406 3868 Incubuit.
418 3821 445 3871 si
456 3823 566 3875 incubat
574 3826 677 3893 milvus,
690 3847 744 3880 non
757 3827 847 3881 insilit.
861 3827 971 3880 Gallinae
983 3827 1029 3898 qui
1041 3827 1137 3878 fovent
1148 3825 1257 3896 pullos,

198 3896 345 3951 incubante
359 3908 385 3946 at
396 3915 451 3948 non
463 3901 558 3954 milvus
569 3907 615 3974 qni
626 3916 736 3980 stragem
747 3921 774 3960 et
786 3911 850 3980 ipsis
862 3919 887 3959 et
897 3909 1017 3978 ipsorum
1028 3905 1110 3956 matri
1123 3904 1255 3955 minatur.

200 4004 236 4016 —
248 3975 485 4044 114.erocitans.d
497 3998 563 4034 sono
575 3985 679 4056 gallinae
692 4006 752 4040 cum
763 3989 848 4043 multa
859 4005 984 4041 curetum
998 3985 1150 4058 agitatione
1163 3983 1256 4057 pullos
