2724 4600
233 263 295 311 rac
474 244 508 305 P.
533 235 767 304 VIRGlLll
788 238 1020 310 MARONIS

227 369 387 432 Verberat
398 365 578 454 adsurgens
592 381 602 428 :7
612 381 766 452 spumant
778 365 860 430 vada
871 389 1034 432 marmore
1046 387 1152 433 verso.

228 475 327 539 Hunc
339 473 429 538 vehit
441 473 582 536 inmanis
593 473 725 549 Triton,
740 487 773 534 et
784 472 901 536 caerula
914 473 1040 538 concha

227 581 402 644 Exterrens
415 580 512 658 freta3
525 579 578 642 cui
591 578 731 642 laterum
743 593 839 640 tenus
854 576 987 665 bispida·
996 581 1088 643 nanti
1223 607 1268 639 210

227 688 331 750 Frons
343 685 512 749 hominem
524 684 671 771 praefert,
686 684 720 748 in
732 683 848 770 pristin
862 681 982 747 desinit
993 685 1100 763 alvus3

224 789 366 876 Spumea
379 787 607 853 semiferosub
620 802 754 874 pectore
767 804 949 852 murmurat
959 787 1059 852 unda.

225 897 291 960 Tot
303 895 379 960 lecti
392 915 544 983 proceres
558 910 608 956 ter
620 873 714 958 denis
727 893 863 958 navibus
876 893 968 957 ibant

224 999 376 1065 Subsidio
389 999 512 1088 Trojae,
527 1015 559 1062 et
571 1021 704 1086 campos
716 999 790 1064 salis
804 1022 867 1062 aere
880 999 1043 1064 secabant.

266 1108 408 1196 Jamque
422 1105 491 1170 dies
504 1106 585 1170 caelo
597 1121 820 1184 concesseram,
831 1105 982 1193 almaque
995 1128 1094 1190 curru
1224 1117 1267 1162 215

224 1214 405 1298 Noetivago
418 1209 540 1274 Pboebe
553 1208 700 1273 medium
713 1209 864 1298 pulsabat
875 1210 1072 1298 Olympum:

224 1325 355 1399 AEnea5‚
369 1342 478 1406 neque
492 1319 582 1382 enim
592 1318 748 1381 membris
762 1315 817 1381 dat
829 1341 906 1382 cura
919 1319 1082 1406 quietem,

224 1430 299 1514 Ipse
312 1425 430 1489 sedens
443 1424 639 1512 clavumque
652 1425 749 1510 regit,
763 1423 912 1512 velisque
924 1425 1095 1488 ministrat.

217 1594 323 1654 fluctum.
334 1592 400 1637 Leid.
407 1593 490 1652 fluctu.
503 1591 608 1638 Parthas.
617 1591 724 1654 fractum
734 1616 765 1626 -
776 1591 828 1637 208.
841 1579 957 1656 tiuurqens
969 1592 1038 1638 Gotb.
1051 1602 1103 1638 tert.
1110 1625 1118 1647 ‚
1130 1603 1156 1636 ut
1167 1591 1209 1644 lib.
1222 1590 1265 1648 Ill,

224 1663 268 1710 560
281 1676 303 1708 et
316 1663 345 1708 al.
359 1663 405 1708 Sed
420 1675 442 1708 et
456 1663 576 1726 adsurperu
596 1665 637 1721 (in
649 1665 697 1708 ictu
711 1662 753 1708 inf.
767 1660 818 1717 2'84.
830 1677 883 1723 797.
894 1663 923 1717 V,
936 1662 998 1720 443)
1017 1665 1039 1709 e't
1050 1678 1181 1727 consurqete
1190 1663 1232 1707 int.
1243 1680 1265 1708 v.

223 1751 275 1796 299·
285 1759 317 1770 -
327 1751 379 1780 aro.
391 1749 497 1780 exercens
509 1734 567 1780 alter
578 1735 659 1780 llamb.
673 1746 695 1780 et
707 1732 795 1778 Zulich.
809 1749 862 1780 am.
875 1748 920 1779 sec.
934 1733 1020 1797 hospita
1030 1734 1098 1780 Goth.
1110 1745 1161 1779 tert.
1174 1733 1266 1795 hospitia
1346 1743 1347 1784 l

220 1805 319 1851 Dorvill.
329 1833 360 1841 -
372 1822 397 1850 τι
405 1822 424 1850 1.
433 1807 519 1869 perfert
529 1823 565 1868 pr.
579 1806 660 1851 llamb.
672 1807 760 1867 prt'stim
768 1805 857 1850 Nouius
867 1805 990 1852 Marcellus
1000 1818 1024 1852 et
1033 1817 1079 1851 tres
1089 1807 1167 1850 lleins.
1178 1807 1265 1866 ps'strim

222 1889 246 1921 et
254 1879 336 1938 pt'strin
347 1875 454 1940 plerique
465 1880 533 1922 etiam
543 1877 567 1922 b.
580 1876 595 1921 l.
609 1877 670 1922 conf.
682 1891 732 1938 sup.
745 1875 775 1921 ad
784 1877 813 1930 V,
829 1875 883 1930 116;
896 1878 994 1938 pessime
1004 1877 1072 1922 Goth.
1083 1889 1136 1922 tert.
1148 1879 1266 1927 inseram·

221 1955 266 1990 tem
275 1948 297 1990 d.
307 1947 363 1992 Rom
368 1978 376 1990 .·
385 1945 454 1992 alvos.
468 1972 497 1982 -
508 1961 559 1992 212.
564 1946 674 2009 fampsero
684 1945 803 1991 Montalb.'
810 1945 905 2005 ceruleo
914 1945 955 1990 sub
964 1962 987 2008 p.
1000 1949 1055 1992 citat
1065 1948 1189 1991 Arusianus
1203 1945 1266 1990 Mes·
1346 1951 1347 1962 ¹

221 2016 276 2060 sius.
294 2039 325 2049 -
345 2016 396 2062 213.
409 2019 452 2061 Tot
463 2014 477 2060 l.
486 2019 581 2078 juvenes
593 2016 658 2061 Leid.
671 2028 695 2061 et
705 2031 751 2062 sec.
761 2016 845 2060 Moret.
863 2041 894 2050 -
911 2015 962 2072 214.
977 2032 1066 2079 campos
1077 2019 1146 2060 mari's
1155 2015 1229 2076 bigot.
1243 2024 1266 2060 et
1346 2019 1347 2022 ’

220 2086 289 2131 Goth.
305 2099 357 2132 tert.
368 2087 463 2132 ruebant
474 2086 564 2150 aliquot
575 2089 635 2132 Pier.
642 2121 649 2143 ,
660 2099 686 2132 ut
698 2089 746 2132 AEn.
757 2088 780 2141 1,
792 2085 830 2132 35.
851 2081 881 2130 Ti
893 2081 1002 2133 secabant*
1009 2089 1103 2133 Heinsio
1115 2085 1266 2148 displicebat,

221 2157 286 2218 quod
298 2160 403 2219 sequitur
415 2157 477 2202 idem
489 2159 582 2203 verbum
596 2175 617 2204 v.
634 2173 685 2202 222.
698 2183 729 2192 -
739 2158 790 2202 215.
804 2157 935 2203 discesserat
946 2157 1001 2204 olim
1012 2160 1037 2203 iu
1049 2157 1103 2202 edd.
1115 2157 1229 2202 Mutatum
1239 2157 1264 2200 iu

220 2225 258 2271 ed.
276 2225 333 2282 1514
349 2225 401 2272 Ald.
415 2231 439 2272 in
453 2237 605 2282 confesserem
617 2229 681 2290 quod
696 2227 788 2272 codices
800 2221 888 2290 ubique
903 2240 1041 2290 agnoscunt,
1057 2233 1141 2290 piaeter
1156 2227 1265 2271 Francia-

219 2310 291 2353 uum,
308 2299 349 2360 qui
359 2301 529 2346 recentissimus
542 2311 587 2354 est,
604 2311 630 2344 ut
644 2287 667 2343 et
680 2297 751 2343 Goth.
766 2315 804 2360 pr.
813 2297 929 2346 detexerat
939 2299 1031 2345 Vratisl.
1043 2295 1220 2344 cursu‘Dorvill.

1195 2395 1197 2411 1

209 2437 334 2494 ¹verberat
349 2437 454 2512 fluctus
472 2447 581 2488 centena
606 2437 717 2502 arbore,
799 2438 858 2492 215.
873 2439 1057 2506 salebrosum,
1074 2441 1167 2510 siquis
1180 2438 1262 2504 alius,-

220 2517 338 2566 centenis
349 2519 434 2566 remis.
446 2515 524 2566 Silius
534 2517 585 2577 xl,
599 2515 648 2583 491
660 2533 718 2566 cen·
762 2518 791 2568 in
812 2519 923 2572 Marone
944 2521 1033 2574 locum
1053 2520 1154 2584 eventi,
1175 2518 1260 2568 libero

221 2602 279 2644 teno
288 2595 389 2644 verbere
397 2595 474 2658 dixit,
484 2594 554 2643 conf.
569 2592 663 2644 Cerda.
673 2595 718 2644 arl-
758 2598 814 2665 j'arn
829 2617 900 2649 nuuc
917 2598 1063 2650 incedimus
1078 2615 1181 2667 campo.
1194 2597 1263 2656 dics,-

218 2688 336 2744 sarqere‚
348 2673 493 2743 inserpere,
504 2689 666 2745 concerpere,
674 2679 720 2724 no-
760 2690 817 2728 erat
829 2679 850 2728 is
863 2679 974 2744 tertius,
990 2696 1020 2729 ex
1033 2695 1088 2747 quo
1100 2687 1188 2728 castra
1201 2675 1265 2726 reli·

219 2762 251 2798 te
274 2751 422 2820 elegantiae·
433 2751 583 2818 vocabula,
605 2752 638 2804 de
660 2755 720 2804 nisu
761 2769 855 2826 querat
871 2759 967 2810 AEneas
980 2760 1024 2808 :is
1043 2759 1100 2826 ipse
1117 2755 1187 2820 dies',
1198 2773 1263 2825 quo
1346 2743 1347 2768 ³

218 2829 291 2894 ejus,
309 2829 356 2897 qui
372 2841 417 2879 aut
430 2829 526 2900 magna
538 2832 662 2883 videtum
679 2835 720 2884 in·
758 2835 850 2887 Rutuli
862 2849 958 2888 castra
974 2837 1183 2907 oppugnarent:
1200 2834 1261 2905 sup.

215 2906 281 2974 tert,
294 2920 340 2958 aut
351 2910 494 2975 incumbit,
506 2912 653 2981 protrudit,
666 2915 715 2964 im‘
760 2916 822 2988 inde
832 2916 900 2980 alx,
908 2915 967 2986 459.
975 2917 1080 2968 οῇΕκ,
1091 2915 1260 2968 Iadlib.Xll·

215 2985 300 3056 pellit.
321 2988 359 3038 De
377 3005 507 3039 marmore
528 2993 657 3044 monitum
681 2993 716 3044 ad
760 2992 883 3066 almaque
897 3013 976 3044 cum
990 2995 1138 3064 Noctivapo·
1152 2994 1258 3046 Phoebe.

215 3067 263 3117 Ge.
281 3069 320 3134 ΙΙ,
339 3067 397 3134 254.
416 3069 496 3118 Navis
513 3069 591 3140 hujus
608 3091 716 3142 parase·
761 3071 849 3142 rippam
866 3070 1002 3138 rvmtpiap.
1021 3071 1261 3141 brugnatensi

215 3164 278 3196 mon
289 3149 317 3196 iu
331 3165 411 3216 prora
422 3147 515 3200 Triton
525 3162 565 3200 est
574 3150 716 3204 buccinam
761 3151 794 3203 de
813 3171 901 3204 rerum
916 3164 1012 3202 natura
1030 3150 1108 3199 ducta
1128 3167 1184 3200 esse
1199 3151 1263 3202 Ma-

215 3225 401 3294 inllans.froas
411 3223 523 3277 laterum
535 3239 618 3294 tenus,
628 3233 716 3302 exqui·
760 3232 833 3282 crob.
844 3232 879 3280 Vl
886 3270 894 3295 ‚
906 3230 921 3279 5
933 3230 1034 3278 notavit
1043 3248 1049 3275 :
1059 3227 1167 3277 Roscida
1178 3231 1260 3280 nocti-

215 3305 280 3366 site,
300 3322 349 3374 pro
367 3306 423 3374 ipse
442 3326 454 3356 a
476 3309 564 3358 fronte
579 3327 665 3379 nsque
681 3310 715 3360 ad
759 3309 830 3379 capis
839 3308 911 3358 astris
918 3305 1063 3356 labentibus
1073 3304 1167 3356 Pboebe
1175 3307 1258 3360 Pulsa

214 3381 311 3449 latera,
320 3401 366 3434 seu
374 3385 490 3436 medium
499 3405 710 3458 eorpus-212.
758 3385 814 3436 loco
831 3385 902 3434 cessit
917 3383 1057 3434 concedens
1071 3383 1173 3438 lucibus
1186 3386 1255 3440 altis.

213 3465 373 3515 suavissimae
383 3465 574 3519 modulationis
580 3485 670 3520 versus
681 3483 712 3516 ex
756 3493 791 3503 —-
804 3463 862 3514 218.
881 3463 1030 3532 Utrumque
1047 3462 1126 3516 docte
1143 3479 1173 3516 ut
1191 3485 1256 3536 poe-

212 3543 357 3614 Apollonio
376 3545 471 3597 ductus
489 3561 528 3598 est
544 3548 590 3598 lib,
605 3549 632 3612 Ι,
650 3547 708 3610 542.
755 3553 807 3592 tam
821 3541 915 3592 decet:
933 3538 1036 3592 clavum
1049 3545 1131 3616 πρίῃ·
1147 3548 1258 3616 proprie

214 3623 265 3688 543
279 3623 357 3690 'sappi
370 3624 395 3674 δ’
414 3625 475 3678 isba
493 3625 532 3676 tel
553 3627 613 3677 isba
626 3619 714 3674 estetsi
759 3640 852 3672 navem
868 3623 983 3695 regimus
1002 3623 1099 3676 clavo:
1122 3639 1177 3678 tum
1194 3627 1258 3679 velte

212 3698 294 3754 tatem
312 3703 390 3766 stips,
402 3701 479 3758 ,Διινᾶν
492 3701 640 3771 μορμύρουσα
653 3701 715 3773 ὅρια-γ
759 3703 906 3768 ministrat,
921 3722 987 3774 pro,
1004 3705 1151 3773 ministrat,
1164 3710 1255 3758 minis-

213 3778 297 3833 bm‘ar
314 3779 375 3844 pira
397 3785 491 3851 ἀνδρῶν.
508 3781 714 3850 -2141Trojte
759 3785 852 3835 terium
861 3785 1131 3854 praesternauticuin,
1143 3787 1250 3839 adsela.

123 3906 127 3911 ,
213 3877 296 3910 novae.
310 3871 336 3909 et
346 3878 449 3930 campos
462 3861 522 3913 salis
533 3877 582 3912 cere
594 3859 711 3914 ruebant.
758 3865 865 3934 cf.'sup.
877 3863 911 3916 ad
924 3865 974 3931 vl,
988 3864 1047 3918 302.
1060 3866 1100 3917 Sic
1113 3866 1189 3918 Luna
1203 3866 1253 3916 mi-

213 3949 242 3986 nt
249 3939 303 4004 jam
314 3938 416 3988 AEneid.
427 3939 473 3989 lib.
488 3941 500 3990 1
506 3975 513 4003 ‚
529 3937 570 3996 35.
757 3944 850 3998 nistret
860 3944 933 4020 equis
942 3944 1014 4016 apud
1022 3945 1142 4016 Propert.
1152 3947 1197 4011 111,
1211 3946 1249 4012 14.
