2690 4598
325 255 559 330 AENEIDOS
582 266 738 331 LIBER
761 268 822 334 lX.
1052 275 1090 340 61

55 389 113 470 En,
127 389 313 480 quinoetra
325 388 389 454 sihi
400 389 489 454 hello
500 389 665 455 connubia
676 395 831 479 poscunt!
1048 409 1094 456 60⁰

21 519 24 526 ’
55 498 128 578 Quis
141 495 226 560 deus
240 495 383 575 ltaliam,
398 518 471 585 quae
484 518 541 560 vos
555 494 720 561 dementia
730 497 859 586 adegit?

55 603 123 666 Non
135 600 191 666 hic
204 600 345 682 Atridae,
358 624 420 666 nec
432 600 524 665 fandi
538 600 632 666 lictor
644 602 765 668 Ulixes.

54 707 179 770 Durum
192 705 236 770 ab
249 706 350 795 stirpe
363 729 480 794 genus,
494 723 588 772 natos
599 705 641 770 ad
654 707 789 775 flumina
801 709 946 797 primum

54 811 254 891 Deferimus‚
268 833 422 901 saevoque
434 811 511 900 gelu
524 811 680 877 duramus
693 829 726 878 et
738 813 852 897 nudis3

54 919 179 982 Venatu
192 917 365 1006 invigilant
376 918 486 1006 pueri,
500 917 664 1007 silvasque
676 919 828 1007 fatigant3
1048 938 1092 986 605

54 1023 198 1090 Flectere
210 1022 310 1088 ludus
323 1047 442 1113 equos,
456 1041 488 1088 et
500 1025 625 1112 spicula
636 1024 774 1092 tendere
787 1050 900 1093 cornu.

54 1133 91 1194 dt
101 1130 231 1218 patiens
245 1151 398 1217 operum,
412 1152 580 1220 parvoque
592 1129 728 1197 adsueta
735 1131 907 1221 juventus,

53 1238 113 1300 Aut
124 1235 238 1300 rastris
251 1250 372 1298 terram
383 1231 509 1318 domat,
523 1251 580 1301 eut
592 1237 698 1325 quatit
710 1237 832 1326 oppida
843 1237 942 1303 bello.

53 1385 137 1449 aliquot
149 1404 163 1432 a
174 1387 254 1432 Pierio
265 1397 384 1443 notatum,
396 1402 465 1435 asec.
477 1387 587 1434 liotteud.
598 1399 622 1434 et
631 1386 719 1434 seireff.
729 1403 782 1433 cum
792 1387 880 1434 Zuliclr.
893 1388 1007 1436 firmatum
1013 1425 1021 1448 ,
1030 1407 1095 1455 spre-

52 1470 111 1504 verat
121 1459 246 1512 Heinsius,
265 1457 307 1503 sed
318 1461 420 1521 suscepit
431 1460 589 1515 Burmannus,
602 1473 646 1504 nec
657 1458 717 1504 male
729 1458 844 1506 arbitror:
857 1471 892 1506 est
903 1462 964 1506 enirn
978 1461 1096 1524 elegantes

51 1542 74 1574 et
81 1530 148 1576 docte
159 1528 250 1575 dictum
260 1530 398 1592 pretendere
410 1545 487 1577 muros
499 1532 583 1585 Marti,
595 1529 671 1586 bello,
682 1545 777 1593 pugnes,
787 1530 873 1577 vallum
886 1543 910 1578 et
920 1547 998 1580 muros
1008 1534 1095 1583 ducere

51 1615 95 1661 qno
112 1598 200 1646 inclusi
218 1599 291 1647 latere
309 1613 334 1648 et
350 1617 452 1664 pugnam
471 1601 600 1649 detrectare
611 1604 709 1664 possint.
722 1603 775 1648 llaec
790 1602 871 1650 eadem
886 1619 936 1666 sup.
949 1605 1002 1652 hoc.
1015 1606 1056 1652 lib.
1070 1624 1092 1654 v.
1115 1653 1117 1664 ,

51 1669 85 1714 55.
99 1669 135 1715 56.
150 1669 190 1730 57.
202 1667 243 1732 67.
255 1669 293 1716 68.
310 1667 352 1726 nir
365 1685 417 1735 sqq.
429 1670 508 1734 Vulgo
519 1675 586 1718 morti
596 1671 696 1728 lectum,
711 1673 780 1718 etism
798 1675 823 1717 in
841 1673 942 1731 Medic,
957 1677 1024 1721 etsie
1040 1678 1096 1722 Ser-

51 1740 96 1784 vius
107 1755 162 1784 eum
180 1736 228 1783 Jul.
244 1738 346 1786 Sabino:
360 1755 405 1786 nec
415 1741 461 1786 hoe
472 1741 545 1797 males
565 1743 636 1803 magis
654 1752 732 1788 tamen
750 1745 842 1804 epicum
859 1742 926 1789 illud.
940 1768 972 1781 —
985 1745 1038 1792 602.
1053 1761 1094 1793 nes

45 1809 133 1869 fruudr's
145 1808 219 1855 Goth.
232 1821 285 1856 tert.
299 1835 331 1846 -
344 1811 397 1858 603.
409 1812 437 1858 ab
449 1821 477 1858 st.
488 1814 568 1859 lleins.
579 1814 679 1875 eSprot.
691 1825 714 1860 et
724 1829 752 1860 ex
761 1814 931 1861 observatione.
943 1816 974 1862 cf.
985 1816 1017 1862 ad
1025 1819 1093 1876 Vlll,

53 1878 209 1936 rio-604.
227 1881 329 1945 duroque
346 1883 456 1930 nonnulli
473 1885 588 1940 Pieriaui,
608 1894 658 1930 tum
676 1884 738 1930 Gud.
758 1896 781 1931 et
792 1900 838 1931 sec.
855 1886 940 1932 Moret.
960 1903 1013 1932 cum
1030 1888 1092 1934 binis

49 1950 123 1996 Burin.
135 1952 248 1998 Heinsius
258 1955 322 2016 conj.
334 1954 411 2001 crudo.
425 1957 502 2017 Sprot.
514 1970 637 2020 servoque,·
650 1967 673 2000 at
684 1955 732 2002 vid.
744 1957 897 2001 imitationem
905 1955 984 2002 Valer.
1000 1957 1034 2002 Fi.
1047 1961 1092 2016 Vl,

49 2019 98 2066 336.
110 2047 142 2060 -
153 2022 209 2068 605.
225 2022 320 2088 vt'qilam
333 2025 381 2072 duo
398 2027 477 2073 Burm.
488 2051 521 2063 ·-
531 2026 585 2090 607.
605 2026 672 2072 ldem
689 2039 768 2072 versus
787 2025 828 2070 Ge.
848 2026 883 2081 11,
902 2023 960 2086 472,
971 2028 1016 2072 nisi
1028 2029 1093 2090 quod

47 2141 149 2199 Servius
163 2147 250 2202 etalii
263 2149 370 2220 Trojam
387 2151 420 2202 ab
432 2149 546 2204 Hercule
594 2162 642 2203 tes.
653 2150 755 2203 -600.
773 2147 903 2203 invidiose
913 2164 1035 2222 respectu
1042 2153 1093 2206 La·

48 2239 151 2296 ceptam
157 2227 214 2282 hnc
224 2228 545 2284 advocentltanuncob-
593 2232 691 2299 sinite,
708 2248 788 2301 quam
797 2231 888 2281 Turno
905 2243 1025 2302 ereptum
1035 2233 1093 2285 ibat

46 2306 167 2360 sidentur
184 2309 294 2381 Trojani
310 2313 408 2376 tertio,
429 2311 471 2362 bis
488 2314 545 2382 jurn
593 2311 698 2362 AEneas.
712 2340 746 2349 —
760 2311 820 2362 602.
835 2311 933 2362 Imitati
947 2324 1009 2362 sunt
1023 2311 1090 2366 Stat.

47 2399 125 2439 antea
136 2392 290 2461 expugnati.
298 2388 366 2442 Sane
375 2391 423 2442 inf.
436 2392 482 2455 xl,
493 2392 543 2457 402
593 2387 729 2440 XllTheb.
738 2389 785 2458 761
796 2405 854 2458 sqq.
862 2387 940 2440 Silius
948 2389 966 2454 l,
975 2391 1090 2463 443sqq.

46 2465 140 2518 eodem
147 2467 231 2520 modo
239 2468 336 2520 dicitur
345 2487 409 2542 gens
420 2469 457 2522 bis
464 2470 544 2534 victa,
593 2466 712 2538 -fandi
716 2465 794 2537 fictor
800 2467 888 2533 docte,
898 2474 943 2540 qui
950 2469 1025 2543 lingit
1033 2473 1092 2523 fan·

46 2558 74 2594 nt
85 2545 186 2617 duplex
196 2546 286 2600 clades
299 2549 348 2599 sub
362 2547 543 2600 Laomedonte
593 2545 662 2599 dala.
676 2567 699 2599 e.
714 2548 759 2619 qui
768 2547 830 2598 licta
838 2548 924 2615 fatur,
936 2550 1006 2615 fere,
1018 2547 1092 2621 quod

45 2638 71 2677 et
82 2626 131 2678 sub
141 2628 248 2680 Priamo
260 2627 431 2699 intelligenda
439 2645 496 2681 esse
505 2629 545 2679 vi·
593 2624 716 2682 ἐπίκλοπος
728 2625 814 2693 μόθον
830 2627 905 2680 lliad.
924 2645 959 2695 χ,
979 2631 1038 2683 281.
1056 2657 1091 2670 -

46 2705 148 2759 dentur.
158 2707 192 2757 Et
198 2706 277 2759 Silius
286 2709 307 2772 l,
317 2707 351 2774 43
360 2705 487 2760 Intulerit
493 2707 545 2758 Lu·
592 2704 652 2757 603.
661 2706 760 2774 Locus,
771 2708 816 2776 qui
826 2708 959 2779 sequitur,
970 2709 1090 2779 egregius

46 2786 82 2837 tio
103 2785 198 2839 Troius
212 2786 276 2838 exul
285 2787 297 2858 (
305 2787 416 2858 AEneas)
438 2787 543 2838 Darda-
592 2797 618 2837 et
629 2798 738 2838 ornatus
751 2798 791 2840 est
802 2784 836 2838 de
845 2789 941 2838 veteris
949 2787 1029 2838 ltaliae
1039 2786 1092 2838 dis-

45 2867 130 2928 niam,
143 2867 211 2920 estis
219 2868 331 2920 numina
338 2877 414 2938 captu
421 2867 542 2931 Penates,
592 2864 691 2936 ciplina
702 2877 729 2916 et
737 2866 806 2932 vita,
817 2883 873 2935 quae
883 2867 911 2916 in
918 2865 1022 2917 Sabinis
1031 2865 1091 2916 diu-

44 2946 201 3019 Sceptraque
204 2946 333 3017 fundarit
341 2945 544 2998 victorlavint’a
592 2947 691 2996 tissime
706 2947 789 3017 viguit
801 2945 934 2998 =''eandem
951 2965 967 2996 a
983 2948 1092 3014 majori·

48 3024 161 3078 Teucris.
175 3027 237 3077 Haec
249 3027 301 3078 nisi
315 3028 420 3093 forent,
437 3043 468 3077 ex
483 3027 543 3096 ipso
593 3025 644 3076 bus
660 3024 771 3076 Albanis
787 3026 899 3076 Romani
915 3037 1090 3094 acceperant,

45 3101 107 3156 loco
123 3118 150 3157 et
162 3108 294 3158 sententia
311 3107 347 3158 bis
361 3104 547 3176 coptosPlrry·
594 3116 621 3156 et
638 3123 670 3156 ex
688 3123 720 3155 ea
737 3105 832 3155 enituit
851 3104 971 3153 Romana
992 3103 1090 3170 virtus,

42 3202 88 3255 yes
98 3182 230 3250 dicerem,
243 3187 290 3257 qui
301 3198 380 3238 antes
388 3185 454 3238 urbe
468 3197 547 3256 capta
595 3195 714 3256 spectate
721 3184 817 3254 partim
823 3182 985 3254 frugalitate,
991 3195 1017 3235 et
1025 3203 1092 3254 pau·

45 3263 546 3336 profuginunctolerantalteramhanc
594 3275 713 3334 perteue,
724 3262 821 3333 partim
834 3260 979 3314 tolerandis
991 3262 1092 3318 lahori-

45 3343 545 3416 incastrisobsidionem,postillamab
593 3343 653 3394 bus.
673 3341 748 3393 Adeo
769 3359 785 3393 n
804 3340 893 3392 multis
913 3343 1090 3398 anterioribus

43 3424 153 3477 Achivis
168 3428 275 3478 factam.
288 3427 387 3477 Lusum
399 3427 426 3476 in
437 3423 478 3475 his
487 3426 544 3494 jum
593 3423 693 3475 caussis
702 3433 886 3494 processerant
898 3423 974 3473 initia
985 3441 1089 3490 rerum,

43 3521 127 3576 supra
134 3505 195 3573 vll,
206 3503 257 3576 295
265 3504 378 3557 vidimus
388 3527 394 3557 z
405 3505 479 3557 Num
486 3522 544 3575 cap·
593 3500 1092 3575 quihusimpsriill.fundamentejacta

44 3585 66 3635 ti
74 3595 186 3657 potuere
194 3583 274 3658 capi?
284 3603 365 3655 quum
374 3585 456 3653 Troja
465 3595 544 3654 capta
593 3587 666 3634 suntl
675 3580 935 3634 Addelaudesltaliae
943 3581 989 3634 Ge.
998 3584 1031 3647 ll,
1043 3585 1091 3653 167

43 3665 208 3736 superfuerit
218 3661 396 3734 Trojanorum
408 3664 488 3732 stirps
497 3661 547 3714 suh
596 3679 654 3733 sqq.
668 3674 694 3714 et
705 3681 763 3733 sup.
773 3663 807 3729 V,
820 3661 878 3730 730.
890 3691 924 3700 —
933 3660 993 3714 605.
1003 3661 1092 3716 silvas·

42 3745 130 3796 AEnea
140 3742 330 3815 redintegrata.
341 3760 428 3795 muros
437 3751 547 3813 preten-
596 3759 646 3812 que
656 3741 794 3814 satiqant,
812 3740 924 3791 multum
942 3755 1088 3810 pererrant.

39 3823 106 3873 dere
118 3821 220 3886 Marti,
233 3839 345 3893 pugnae3
363 3823 425 3892 quia
438 3820 509 3872 vallo
522 3833 548 3874 et
595 3821 638 3873 Sic
649 3832 773 3894 quatere,
786 3838 904 3886 movere,
920 3821 1038 3887 turbare,
1051 3822 1092 3873 di·

42 3903 127 3953 muris
137 3903 278 3954 continent
291 3918 332 3964 se,
344 3913 370 3952 et
378 3899 474 3958 inclusi
483 3919 549 3972 pug·
596 3903 681 3954 cimur
688 3902 776 3966 silvas,
783 3902 862 3953 feras.
870 3900 923 3952 vid.
933 3899 968 3950 ad
975 3900 1021 3951 lib.
1029 3903 1088 3952 AEn.

43 3999 109 4036 nam
117 3980 283 4052 detrectant,
294 3993 356 4054 post
364 3999 454 4040 muros
464 3980 548 4038 1neu·
595 3979 1091 4064 ylll,94.-'6od.quatitoppidalel·
