2724 4600
221 315 263 398 si
572 301 839 372 excursus
862 303 914 376 rr

220 439 293 492 conf.
313 432 391 488 eund.
408 431 554 484 Excursnm
567 450 595 502 p.
618 431 667 497 134
682 447 737 499 seq.
750 441 776 480 et
789 427 858 480 adde
869 429 917 481 inf.
935 428 995 479 Var.
1008 427 1080 482 Lect.
1100 428 1136 484 ad
1154 448 1179 483 r.
1200 431 1262 502 387.

221 519 318 572 Fateor
329 535 370 568 me
380 514 436 567 baec
447 532 501 565 non
513 514 551 563 ita
565 510 689 583 expedire
699 527 791 580 posse,
803 521 833 560 ut
844 509 909 560 mihi
921 511 972 579 ipsi
981 511 1143 564 satisfaciam
1153 534 1159 563 :
1171 514 1264 584 itaque

221 612 253 652 ea
265 617 296 650 ex
308 599 372 669 ipsis
384 594 586 647 Commentariis
596 595 623 642 in
633 602 740 660 poetam
753 600 856 640 exemta
864 591 891 640 in
902 589 1046 640 Excursum
1055 593 1187 660 rejecisse.
1198 591 1266 644 Sunt

222 691 312 729 tamen
322 676 390 740 duo,
407 692 465 745 qua
482 671 571 724 adbuc
583 670 661 722 dictis
677 668 809 738 subjicere
824 668 904 720 liceat
915 691 921 718 :
934 670 1021 739 primo
1034 671 1061 720 in
1072 687 1124 722 vss.
1139 671 1189 742 ²37
1202 690 1264 743 sqq.

223 756 311 810 locum
323 754 424 808 insidiis
432 751 610 824 conspeximus
622 749 686 820 ipsi,
701 749 759 818 Qua
768 748 878 820 poterin
889 748 957 800 bivio
967 760 1064 819 porta,
1074 769 1132 822 qua
1141 752 1266 822 proxima

220 847 302 910 ponto
315 846 365 900 est,
377 851 486 905 possum
497 830 583 883 videri
598 847 738 900 perperam
759 830 786 879 in
805 827 870 880 laevo
890 842 1038 884 castrorum
1056 830 1139 884 latere
1158 842 1265 902 portam

223 917 408 970 constituisse:
422 925 503 985 poeta
515 912 584 964 enirn
597 912 655 980 ipse
664 928 718 961 non
728 908 868 979 profitetur
879 909 972 961 luvam
986 922 1091 980 portam
1102 912 1199 973 fuisse3
1217 909 1267 963 sed

222 1010 326 1047 tantum
337 993 390 1047 boc
400 993 572 1067 pronuntiat,
584 989 666 1040 fuisse
677 1000 783 1059 portam
794 1005 853 1059 quoe
863 987 900 1038 ad
908 1006 981 1039 mare
989 989 1115 1040 discebat:
1127 992 1149 1040 si
1165 989 1268 1042 bivium

222 1075 262 1129 ibi
277 1076 465 1139 fuit,·necesse
479 1083 520 1123 est
531 1070 613 1122 fnisse
625 1067 719 1120 eodem
738 1068 799 1119 loco
816 1069 887 1119 viam
900 1067 1010 1119 alteram
1024 1087 1080 1139 qna
1091 1069 1267 1123 sinistrorsum

222 1156 251 1206 in
263 1154 390 1206 interiora
401 1153 461 1204 loca
474 1163 568 1220 prater
582 1159 683 1211 castra,
695 1165 742 1200 seu
754 1159 903 1199 castrorum
914 1147 1050 1199 sinistrum
1061 1148 1129 1199 latus
1139 1148 1268 1212 ducebat3

222 1235 263 1286 lta
275 1233 408 1286 sublatam
418 1231 515 1282 dixeris
527 1228 597 1280 hanc
608 1225 803 1279 difficultatem.
816 1227 908 1278 Restat
918 1225 1002 1278 altera
1011 1243 1062 1278 vas.
1073 1227 1132 1296 372.
1144 1227 1192 1278 nbi
1200 1228 1270 1277 Lan·

223 1325 300 1365 rento
317 1312 432 1382 profecti
445 1311 548 1380 equites
562 1308 657 1360 Nisum
676 1318 702 1357 et
723 1305 865 1377 Euryalum
886 1325 900 1357 e
920 1317 999 1376 porta
1020 1306 1100 1358 modo
1121 1319 1269 1358 memorata

225 1408 345 1465 egressos
363 1388 455 1440 vident
476 1387 540 1438 loevo
554 1386 693 1462 flectentes
709 1382 801 1435 limite.
821 1387 871 1436 Hic
889 1402 952 1436 vero
972 1397 1044 1438 reete
1057 1397 1123 1456 puto
1138 1385 1270 1438 'contendi

224 1489 320 1543 posse,
334 1471 436 1539 equites
455 1466 563 1538 quidem
575 1484 592 1517 a
604 1464 697 1517 dextra
710 1481 759 1515 sua
771 1482 816 1516 eos
829 1466 1008 1534 prospexisse;
1027 1478 1054 1518 at
1065 1465 1119 1517 dno
1137 1466 1270 1536 Trojanos

226 1548 291 1601 lana
307 1547 354 1599 ista
367 1545 424 1610 oia,
442 1565 459 1597 a
478 1555 553 1616 parte
570 1543 636 1594 lara
653 1554 802 1594 castrorum
821 1542 856 1594 ad
874 1544 1002 1595 interiora
1019 1543 1178 1609 tetendisse,
1197 1543 1271 1596 unde

225 1625 318 1700 paullo
329 1636 392 1695 post
409 1623 443 1676 ad
457 1624 575 1675 Tiberim
587 1633 614 1674 et
624 1619 741 1672 Evandri
752 1620 828 1675 sedes
845 1639 873 1673 se
892 1634 1077 1675 converterent
1088 1641 1168 1675 cursu
1177 1637 1272 1696 peten-

226 1705 285 1756 das.
295 1703 353 1755 Nisi
362 1701 456 1768 fallor,
468 1700 519 1754 bac
532 1700 752 1770 interpretatione
767 1718 783 1752 e
798 1698 910 1765 salebris
919 1700 1041 1754 locorum
1052 1701 1130 1754 eradi
1140 1699 1273 1774 quodam·

226 1781 308 1836 modo
315 1799 401 1854 posse.

504 1992 874 2086 EXCURSUS
908 1992 985 2081 Ii.

227 2181 376 2248 Narrate
390 2179 432 2244 de
450 2177 562 2244 AEnea
577 2194 612 2244 et
621 2177 771 2244 Anchise
782 2195 860 2245 onte
873 2176 954 2242 belli
967 2176 1104 2266 Trtp'ani
1114 2194 1271 2268 tempora:

195 2366 196 2372 =
265 2339 322 2390 Lib.
336 2338 385 2403 IX,
400 2335 465 2402 263,
479 2336 529 2402 264
541 2335 610 2388 Bina
622 2335 688 2388 dabo
699 2347 807 2408 arpento
814 2335 931 2407 perfecta
943 2347 1023 2408 atque
1033 2355 1123 2408 aspera
1131 2337 1211 2410 siquis
1220 2340 1274 2392 Po·

231 2416 292 2469 cula
299 2454 309 2482 ‚
322 2417 423 2468 devicta
432 2415 540 2487 qenitor
549 2431 608 2488 quoe
621 2415 692 2486 cepit
706 2416 806 2468 Arisba.
820 2415 862 2466 Ad
880 2434 921 2467 res
934 2429 995 2468 ante
1011 2415 1111 2468 bellum
1125 2418 1274 2488 Trojanurn

231 2508 336 2568 gestas,
349 2493 471 2564 adeoque
486 2492 520 2545 ad
529 2489 563 2546 rai
573 2489 713 2562 upaapspiui
724 2495 777 2546 hoc
787 2497 922 2568 pertinere
931 2497 958 2547 in
970 2496 1046 2547 Notis
1058 2497 1194 2566 professus
1205 2516 1273 2563 sum;

231 2595 308 2641 nam,
322 2573 395 2645 quod
407 2573 534 2626 inservio
552 2592 582 2625 ex
596 2574 711 2626 obscuro
722 2574 831 2627 bomine
847 2575 951 2628 Abante
961 2576 984 2628 ir
994 2576 1041 2631 nais
1049 2577 1153 2644 Traiani}
1165 2578 1277 2630 allatum

232 2669 272 2709 est
285 2676 298 2708 e
309 2653 407 2706 fabulis
420 2653 481 2705 inde
503 2653 537 2706 ab
554 2653 657 2705 excidio
667 2656 839 2720 «memoratis,
855 2669 937 2726 poeta
948 2657 1080 2727 respicere
1098 2675 1152 2708 non
1168 2661 1273 2727 potuit:

234 2736 334 2806 quippe
344 2734 392 2804 qui
404 2733 512 2784 AEnearn
525 2733 614 2784 statim
623 2751 643 2784 -a
657 2745 737 2804 capta
747 2732 814 2785 urbe
827 2732 964 2790 discedere
972 2735 1064 2802 jussit,
1077 2752 1126 2786 nec
1135 2737 1162 2786 in
1169 2735 1275 2789 Troade

234 2831 317 2866 novas
330 2830 372 2866 res
385 2811 480 2863 moliri.
590 2827 595 2838 ¹

269 2895 366 2945 Verum
378 2910 467 2944 rerum
476 2903 538 2942 ante
548 2890 651 2944 bellum
661 2893 807 2963 Trojanum
816 2895 951 2964 gestarsstn
964 2894 1072 2944 omnino
1085 2893 1225 2944 obscurior
1237 2907 1277 2952 est

233 2972 376 3036 memoria,
390 2987 469 3040 quam
481 2989 586 3035 earnm,
598 2990 658 3042 quae
669 2972 763 3024 urbem
775 2985 882 3043 captam
891 2983 1060 3043 exceperunt.
1073 2971 1145 3022 Nihil
1152 2973 1223 3026 forte
1233 2973 1280 3025 de·

234 3052 426 3114 sideraremus,
441 3051 464 3101 si
485 3051 594 3102 Connen
614 3051 740 3122 Cyprium
758 3063 928 3122 superessets
946 3050 980 3103 'de
999 3067 1053 3120 qno
1070 3049 1122 3101 vid.
1140 3049 1175 3101 ad
1193 3051 1242 3103 lib.
1255 3053 1281 3106 ll

234 3123 297 3185 Exn.
311 3131 376 3202 1‚p.
390 3131 451 3198 309.
465 3132 559 3201 Neque
572 3133 652 3203 igitur
663 3131 771 3203 indigne
788 3132 918 3196 feremus,
937 3132 960 3182 si
971 3131 1005 3183 de
1023 3143 1102 3200 capta
1116 3129 1149 3178 ab
1161 3130 1282 3184 Anchise

235 3211 331 3264 Arisbe
347 3210 413 3262 nihil
431 3209 538 3262 aliunde
551 3213 682 3276 innotuit,
696 3211 763 3263 adeo
779 3223 809 3261 nt
825 3210 943 3262 dubitari
964 3227 1070 3279 quoque
1090 3205 1188 3276 possit,
1208 3211 1279 3263 sitne

236 3289 350 3342 Troadis
363 3308 396 3341 an
409 3288 488 3342 Lesbi
499 3289 563 3341 urbs
579 3290 632 3342 hoc
644 3290 704 3342 loco
718 3289 898 3361 intelligenda.
911 3289 992 3338 Misso
1009 3300 1097 3338 tamen
1109 3285 1175 3352 boc,
1189 3305 1280 3358 quan-⁴

204 3410 207 3414 -
238 3368 383 3440 doquidem
402 3369 483 3421 semel
502 3372 529 3422 in
547 3370 617 3422 hanc
637 3373 807 3439 quaestionem
825 3367 981 3431 incidimus,
999 3384 1046 3438 age
1058 3365 1196 3419 videamus
1209 3369 1280 3437 alie,

238 3469 296 3522 quae
308 3447 341 3500 de
353 3449 436 3499 AEnea
447 3462 473 3502 et
485 3449 600 3502 Anchise
613 3463 675 3501 ante
686 3449 752 3500 belli
760 3449 870 3516 Trojani
881 3459 1016 3516 tempora,
1028 3465 1086 3517 quae
1099 3447 1231 3500 Homerus
1244 3463 1282 3502 at·

237 3530 311 3599 tigit,
330 3538 439 3576 narrata
456 3529 526 3579 forte
545 3529 656 3599 reperiri
672 3539 802 3596 possunt:
823 3525 991 3578 absolvemus
1010 3528 1048 3578 sic
1066 3545 1173 3578 omnem
1190 3545 1280 3580 rerum

236 3607 324 3659 AEneae
336 3609 491 3658 memoriam
503 3609 531 3658 in
543 3607 754 3660 hisExcursibus
764 3608 864 3676 passim
876 3608 1031 3678 expositam.

271 3688 308 3738 Ut
318 3687 399 3757 igitur
412 3689 531 3739 omittam
543 3687 603 3752 illa,
616 3705 673 3758 que
684 3686 717 3738 de
727 3686 848 3739 Anclrisae
859 3690 940 3760 stirpe
951 3705 967 3739 a
977 3688 1104 3740 Dardano
1114 3705 1163 3758 per
1170 3687 1280 3754 Troem,

237 3767 410 3828 Assaracum,
422 3763 514 3838 Capyn
527 3766 608 3818 ducta
621 3765 691 3836 (vid.
701 3764 763 3818 Exc.
777 3768 813 3818 Vl
825 3766 860 3819 ad
871 3767 917 3819 lib.
928 3768 1048 3840 lll)‘tum
1060 3767 1094 3819 tle
1105 3767 1193 3818 AEneoe
1204 3779 1282 3819 nata-

237 3843 308 3895 libus
323 3859 355 3896 cx
366 3844 476 3894 Veneris
496 3858 522 3896 et
540 3843 661 3896 Anchise
681 3862 824 3916 congressu
844 3847 908 3900 satis
920 3860 985 3899 nota
997 3859 1057 3897 sunt
1069 3867 1075 3896 ε
1087 3843 1142 3896 vid.
1159 3842 1234 3895 lliad.
1249 3865 1263 3894 a
1271 3882 1281 3906 ,

239 3922 290 3988 214
302 3939 357 3991 sq,
371 3920 462 3992 ibique
474 3923 562 3975 Sebol.
573 3942 605 3976 ex
616 3923 755 3990 Acusilas,
767 3926 861 3999 Hymn.
875 3928 903 3977 in
916 3928 1062 3990 Venerem,
1075 3935 1101 3976 et
1114 3923 1185 3974 conf.
1196 3920 1283 3991 Apol-

236 3998 293 4080 lad¹
306 4001 356 4070 111,
372 4017 418 4072 ta,
435 4020 449 4058 a
463 4021 522 4056 cum
535 4003 627 4073 Notis,
644 4017 671 4058 et
684 4004 809 4062 Mssinae
824 4002 947 4063 adOrid.
960 4003 1068 4061 Heroid.
1080 4005 1108 4056 Ρ.
1121 4003 1158 4072 ll,
1170 4019 1197 4074 p·
1215 3999 1281 4070 ¹4²5
