2736 4598
21 1569 33 1690 ——Q—

15 1742 34 1852 ..ζ’-ἵ

10 1843 18 1904 ne..

1 2023 35 2328 aeia-bh·
8 1935 35 2006 ..⁷3
22 1903 33 1926 -

261 301 322 378 ala
507 294 541 357 P.
566 291 800 356 VIRGILII
824 291 1056 358 MARONIS

259 423 372 510 Cogite
385 419 576 498 concilium,
590 435 623 482 et
636 439 752 505 pacem
765 415 897 496 laudate
910 417 1083 482 sedentes:
1270 432 1317 490 aa

259 529 310 592 llli
322 528 420 592 armis
433 527 466 591 in
479 548 579 613 regna
591 541 698 588 ruant.
716 552 728 582 a
743 525 814 588 Nec
823 524 920 611 plura
932 524 1062 590 locutus

259 631 432 721 Conripuit
445 653 531 712 sese,
546 648 579 696 et
591 632 685 697 tectis
697 630 909 716 cituseprtulit
920 631 1003 696 altis.

262 769 275 798 a
289 741 356 817 un,
371 738 510 816 Voluse,
524 737 643 801 armari
656 737 852 801 Volscorum
868 735 962 802 edice
974 737 1142 825 maniplis;

257 847 345 924 Duc,
358 845 416 922 ait,
432 859 464 906 et
477 843 616 906 Rutulos
629 865 635 904 :
651 843 812 931 equitem,
824 845 1012 930 Messapus,
1026 845 1061 908 in
1072 827 1188 925 simia,

256 953 298 1015 Et
310 973 386 1016 cum
398 949 498 1013 fratre
510 951 624 1028 Coras,
639 949 711 1013 latis
725 946 905 1014 diffundite
918 951 1050 1037 campis.
1187 956 1215 1010 Ι
1264 962 1312 1022 465

256 1061 333 1121 Pars
345 1054 453 1120 aditus
465 1053 557 1119 urbis
570 1053 717 1134 firment,
731 1071 908 1144 turresque
921 1073 1109 1144 capessant:

255 1165 385 1242 Cetera,
401 1183 464 1249 qua
472 1160 581 1249 jusso,
594 1182 727 1224 mecum
739 1181 855 1224 manus
868 1159 989 1225 inferat
1000 1183 1100 1225 arma.
1113 1190 1126 1218 a

255 1270 348 1334 Ilicet
361 1268 395 1331 in
408 1287 520 1331 muros
532 1280 601 1329 tota
614 1264 810 1331 discurritur
821 1263 914 1330 urbe.

255 1376 439 1441 Concilium
452 1374 522 1461 ipse
534 1390 641 1460 pater,
656 1389 689 1437 et
701 1396 822 1460 magna
834 1375 965 1463 incepta
977 1374 1112 1438 Latinus

254 1481 398 1559 Deserit,
412 1502 450 1544 ac
462 1479 546 1544 tristi
559 1479 709 1543 turbatus
720 1496 872 1567 tempore
885 1478 1015 1560 differt,

253 1589 427 1674 Multaque
439 1607 474 1650 se
487 1585 628 1664 incusat,
645 1585 703 1674 qui
716 1608 783 1649 non
793 1583 963 1672 adceperit
974 1585 1063 1649 ultro

284 1783 339 1839 460.
353 1791 378 1828 et
388 1781 453 1827 deest
467 1797 506 1844 qu.
520 1781 605 1827 Moret.
621 1778 940 1846 sequentemque-461.
954 1781 986 1827 ud
1000 1790 1057 1826 tecta
1069 1779 1111 1826 ΕΔ.
1126 1795 1163 1842 pr.
1178 1781 1306 1828 Burmann.

255 1865 278 1900 et
295 1852 364 1898 Goth.
381 1867 428 1898 sec.
446 1853 469 1894 in
486 1859 544 1898 tecta
559 1850 637 1898 Schol.
655 1853 721 1898 Statii
736 1853 779 1896 Vll
794 1851 868 1896 Theb.
886 1850 940 1896 612.
960 1860 1052 1896 ruante
1068 1849 1126 1896 libb.
1141 1852 1189 1896 suis
1206 1862 1230 1895 et
1245 1852 1306 1894 Pier.

254 1911 356 1988 pretulit
375 1924 471 1978 licina,
491 1938 535 1984 pro
553 1921 647 1985 vulgato
668 1933 750 1979 ruunt,
769 1923 833 1985 quod
855 1934 877 1968 et
899 1923 975 1984 ipsum
995 1937 1059 1968 suam
1077 1923 1124 1967 vim
1143 1919 1255 1966 babebat.
1276 1944 1307 1954 -

252 1994 307 2051 463.
326 1999 384 2040 Tum
397 1994 440 2039 Ed.
454 1995 516 2038 Ven.
534 2010 572 2056 ap.
587 1994 713 2040 Burmann.
733 1993 922 2050 Volsce'eadem‚
937 2009 988 2039 cum
1003 1991 1101 2038 Dorvill.
1113 2002 1136 2038 et
1149 1991 1193 2036 Ed.
1207 1989 1305 2036 Mediol.

252 2067 307 2112 Fuit
320 2065 419 2118 Valeriae
433 2067 508 2128 gentis
527 2063 614 2110 familia
632 2063 774 2112 Valesorum.
794 2065 892 2110 Versum
911 2066 1006 2126 respicit
1020 2062 1090 2108 Rutil.
1105 2062 1130 2118 l,
1152 2062 1195 2124 169
1214 2062 1245 2107 de
1260 2063 1306 2106 Ru·

253 2137 285 2182 fio
302 2135 451 2182 Volusiano:
472 2138 518 2193 Qui
536 2133 618 2181 Volusi
631 2140 726 2200 antiquo
742 2137 828 2181 derivat
841 2145 956 2182 stemnmte
970 2150 1062 2190 nomen,
1076 2135 1108 2180 Et
1119 2149 1180 2200 reyes
1196 2132 1306 2190 Rutulos,

253 2215 308 2251 teste
328 2207 436 2259 Marone,
455 2205 531 2266 refert.
548 2205 596 2249 dice
617 2204 676 2250 alter
695 2205 777 2251 Hamb.
792 2205 902 2269 maniplos
916 2205 976 2251 oud.
991 2222 1004 2250 a
1018 2221 1049 2249 m.
1064 2221 1100 2267 pr.
1115 2231 1146 2239 -
1160 2201 1215 2260 464.
1234 2205 1308 2248 Duxit

252 2280 287 2320 ait
303 2277 362 2320 Ven.
383 2287 406 2320 et
425 2274 494 2320 Goth.
510 2287 563 2320 tert.
579 2277 677 2320 Dixerat
692 2278 767 2337 Bigot.
789 2277 849 2321 Tum
862 2277 968 2340 Equitem
982 2291 994 2320 e
1008 2275 1095 2320 Medic.
1111 2286 1134 2319 et
1148 2274 1199 2320 aliis
1215 2276 1307 2336 egregie

252 2346 354 2390 restituit
374 2356 397 2388 et
416 2342 522 2389 defendit
542 2345 621 2390 Heius.
641 2346 750 2408 Agnoscit
769 2358 793 2391 et
810 2349 909 2393 Servius.
929 2346 1013 2408 Vulgg.
1031 2345 1161 2391 secundum
1176 2347 1305 2392 Romanum

252 2418 351 2478 equites,
371 2426 394 2458 et
413 2414 552 2476 plerumque
568 2415 690 2475 junctim:
709 2415 805 2463 Rutulos
823 2421 915 2482 equites.
930 2443 962 2454 -
974 2417 1029 2473 tot.
1052 2418 1127 2463 Corus
1147 2416 1251 2462 Gothum
1270 2432 1305 2477 pr.

231 2540 234 2548 1
253 2487 323 2531 Lauta
336 2485 398 2539 nrt,
419 2499 463 2528 nec
485 2487 561 2545 ipsum
581 2485 651 2531 male.
665 2486 776 2550 effundite
790 2490 871 2536 Franc.
892 2515 923 2528 -·
943 2488 996 2545 466.
1011 2488 1109 2549 firmant
1126 2505 1162 2551 pr.
1182 2489 1267 2534 llamb.
1284 2499 1306 2533 et

252 2555 327 2611 ven„
341 2558 382 2618 qui
397 2566 420 2600 et
433 2565 554 2618 capessunt
566 2556 644 2604 habet.
653 2559 734 2620 firmet
749 2560 839 2623 aliquot
852 2563 946 2616 Heius,
960 2563 1022 2608 inter
1035 2576 1095 2624 quos
1107 2578 1121 2608 a
1135 2577 1167 2606 m.
1182 2577 1219 2622 pr.
1235 2562 1305 2617 Gud,

255 2630 296 2691 qui
310 2627 373 2672 idem
388 2642 442 2674 cum
456 2626 503 2672 nt.
517 2637 633 2689 capessat,
649 2629 694 2676 hoc
709 2631 806 2694 quidem
820 2649 873 2680 cum
886 2633 987 2688 Medic,
996 2635 1038 2695 qui
1052 2633 1115 2679 idem
1129 2649 1142 2677 a
1155 2648 1188 2678 m.
1202 2648 1249 2679 sec.
1258 2634 1306 2694 fir-

253 2705 299 2742 met
312 2696 390 2742 babet.
405 2721 437 2732 -
450 2694 504 2757 467.
518 2699 560 2758 qui
571 2698 646 2760 Bigot.
662 2716 708 2764 qua
716 2701 785 2764 judeo
799 2701 892 2748 Vratisl.
908 2714 932 2746 et
948 2703 1017 2748 Goth.
1033 2718 1093 2758 sec,
1105 2701 1173 2748 male.
1188 2703 1237 2750 vid.
1252 2705 1304 2748 Not.

202 2781 204 2786 ’
253 2793 286 2802 -
299 2767 353 2828 469.
369 2765 492 2812 Consilium
505 2767 575 2829 bag„
590 2771 622 2814 sic
638 2770 715 2817 etalii
730 2771 768 2818 hic
783 2785 806 2817 et
820 2788 870 2836 sup.
885 2773 939 2830 460.
953 2782 1018 2838 pater
1034 2777 1079 2836 ipse
1093 2774 1179 2819 Medic.
1195 2791 1207 2819 a
1223 2791 1254 2819 m.
1269 2792 1304 2838 pr.

254 2855 290 2900 pr.
306 2839 391 2884 Mores.
407 2850 430 2883 et
444 2837 514 2883 Goth.
531 2850 584 2884 tert.
599 2856 705 2905 maqnum
718 2843 805 2890 Medic.
821 2861 832 2888 a
847 2861 878 2889 m.
893 2861 928 2907 pr.
943 2870 974 2878 -
987 2844 1041 2907 476.
1062 2853 1089 2889 tr.
1110 2854 1125 2890 t.
1141 2855 1231 2910 pectore
1249 2859 1304 2893 vett.

254 2909 309 2956 edd.
324 2911 436 2964 Mutavit,
450 2922 521 2972 puto,
536 2911 626 2971 primus
641 2915 770 2975 Naugerius
784 2917 809 2959 in
822 2915 863 2960 Ed.
878 2915 930 2961 Ald.
947 2927 1012 2972 tert,
1027 2928 1053 2961 ut
1073 2919 1102 2962 sit
1123 2926 1234 2980 tempore,
1249 2917 1306 2964 boc-

255 2995 301 3042 que
316 2979 387 3036 codd.
403 2995 531 3026 consensus
545 2981 629 3026 firmat.
644 3007 675 3017 -—
689 2982 742 3046 47ι.
758 2985 820 3048 quod
832 2985 878 3032 bort
891 2985 952 3031 Gud.
967 2987 1027 3032 Ven.
1041 2987 1139 3033 Mentel.
1153 3004 1190 3051 pr.
1201 3005 1255 3035 am.
1269 3007 1304 3052 pr.

252 3051 306 3098 Exc.
322 3052 399 3097 burm.
414 3051 476 3115 quod
493 3065 538 3097 nou
555 3051 667 3114 deceperit
679 3055 726 3100 Erl.
742 3065 860 3118 acceperut
871 3057 946 3118 Bigot.

253 3207 458 3278 potius,p3aaar
470 3203 511 3269 dl,
529 3209 608 3260 immo
618 3213 699 3264 etiam
712 3212 759 3266 de·
803 3213 840 3262 tio
865 3212 996 3284 abrupta,
1018 3212 1082 3265 dum
1102 3214 1224 3265 Turnum
1247 3231 1302 3266 esse

253 3285 373 3337 liberate.
396 3315 431 3325 -
449 3287 509 3354 462.
534 3307 585 3340 sese
606 3292 756 3362 corripuit,
801 3291 977 3360 loquuturum
999 3311 1054 3343 non
1075 3291 1233 3363 praedictum
1255 3307 1300 3345 est.

254 3365 353 3431 ciprum,
367 3363 478 3433 apples,
494 3367 601 3420 irroret.
616 3371 654 3421 Ex
670 3371 710 3422 his
726 3391 759 3423 ae
800 3369 904 3436 -464,
914 3367 1040 3442 Equitem
1051 3372 1187 3437 ioannis,
1200 3393 1251 3444 pro
1265 3393 1303 3426 ar-

254 3443 384 3494 similibus
402 3443 512 3498 ductum
528 3447 633 3500 videtur
648 3468 754 3520 rapere,
800 3461 917 3516 matum,
934 3462 963 3501 ut
976 3470 1043 3522 saepe
1061 3451 1132 3504 alibi.
1152 3454 1300 3524 Messapus,

254 3521 403 3590 corripere,
421 3541 470 3592 pro
487 3543 613 3592 movere,
634 3529 755 3599 adeoque
801 3544 900 3598 prece,
924 3549 975 3602 pro
992 3533 1134 3602 Messape,
1157 3545 1184 3583 et
1206 3536 1299 3596 Coras,

254 3617 296 3664 se,
309 3613 339 3650 ut
350 3602 449 3672 eripere
457 3623 489 3656 se.
503 3607 562 3657 Jam
574 3626 633 3678 sup.
647 3609 695 3668 vl,
704 3609 754 3679 47η
801 3625 851 3677 pro
870 3610 959 3671 Gora,
973 3629 1034 3662 cum
1043 3612 1132 3682 fratre
1150 3612 1256 3664 Catillo.
1276 3632 1299 3664 v.

256 3677 374 3730 Tandem
395 3683 524 3753 corripuit
539 3703 590 3737 sese
607 3695 686 3757 atque
706 3687 757 3738 im'-
802 3705 860 3759 sup.
873 3691 936 3754 Vll,
954 3691 1013 3760 ⁶7²¹·
1024 3691 1129 3760 -467.
1145 3711 1202 3766 qua
1210 3696 1299 3764 jusso,

254 3757 324 3807 mica
334 3758 433 3830 refuqit
443 3761 471 3811 in
484 3782 582 3816 nemus.
593 3765 626 3816 Et
635 3765 692 3818 Cul.
706 3767 756 3837 ¹67
800 3786 850 3838 pro
864 3771 968 3840 jussero
986 3791 992 3820 ε
1010 3783 1055 3836 ut,
1073 3771 1195 3838 levasso,
1215 3769 1300 3824 decla-

254 3837 366 3906 Serpens
376 3849 403 3888 et
413 3857 437 3890 se
448 3840 556 3892 sublimi
569 3845 667 3894 cervice
678 3847 754 3915 rapit.
800 3865 891 3914 rasso,
907 3867 1011 3901 amasso
1023 3863 1050 3902 et
1062 3851 1111 3913 al.;
1123 3865 1253 3924 sequutus
1262 3864 1300 3904 est

255 3916 355 3986 passim
371 3917 495 3968 vidimus.
512 3949 547 3958 -—-
558 3922 618 3987 463.
636 3925 756 3975 Festina·
800 3927 878 3981 Silius
888 3931 937 3981 ΧΗ
944 3968 952 3996 ,
969 3929 1025 4001 175.
1036 3933 1139 4000 -468,
1150 3934 1211 4004 469.
1222 3935 1298 3986 Gom·

255 3998 355 4047 tionem
363 3995 447 4047 Turni
456 3996 525 4052 bene
538 4003 687 4070 assequitur
698 4021 755 4054 ora·
798 4022 896 4077 parant
907 4009 1024 4072 Iliadss,
1038 4013 1097 4064 808.
1114 4005 1186 4078 Ai4s
1199 4013 1224 4061 δ’
1241 4011 1297 4064 ttvr'
