2718 4594
328 309 565 376 AENEIDOS
588 312 742 379 LIBER
764 315 852 380 x11.
1051 320 1113 386 305

65 435 223 499 Pilumno
236 455 320 524 quos
333 435 403 523 ipsa
415 432 516 498 decus
529 432 621 498 dedit
632 434 794 525 Orithyia,
1133 435 1137 442 ’

66 541 132 622 Qui
145 538 291 605 candore
304 539 396 604 nives
408 541 586 618 anteirent,
599 540 750 606 cursibus
762 566 867 608 auras.

66 632 291 715 Circumstant
302 648 436 737 properi
447 648 583 735 aurigae,
596 648 816 738 manibusque
828 652 993 719 lacessunt
1086 669 1115 715 85

36 783 40 794 ·
66 757 208 820 Pectora
219 754 334 840 plausa
346 754 448 832 cavis,
463 769 496 816 et
507 753 591 817 colla
603 755 765 819 comantia
779 773 925 842 pectunt.

66 863 145 951 lpse
159 859 282 925 dehinc
294 881 375 923 auro
388 859 609 948 squalentem,
622 859 766 949 alboque
779 861 944 928 orichalco

99 1055 139 1103 83.
150 1056 243 1115 Orycya
253 1052 351 1114 Mentel.
359 1069 395 1116 pr.
405 1065 439 1100 est
447 1049 648 1117 ’epitoma-84.
662 1055 712 1115 Quo
723 1071 743 1100 c.
757 1053 816 1101 alter
825 1055 908 1100 Hamb.
921 1071 942 1102 e.
952 1073 1029 1104 amnes
1039 1061 1117 1109 Schol.
1167 1103 1168 1106 ,

67 1127 159 1189 Cruqu.
174 1125 254 1170 Horat.
267 1125 277 1166 l
291 1125 336 1168 Sat.
348 1140 375 1186 7,
390 1123 412 1169 8.
426 1123 497 1182 Quod
510 1122 585 1170 simile
600 1137 659 1171 esset
670 1124 706 1170 illi
717 1141 723 1170 :
735 1140 804 1170 cursu
814 1128 958 1187 praevertitur
968 1129 1077 1176 Hebrum.
1088 1157 1119 1168 -

66 1197 107 1245 85.
121 1199 153 1242 Et
166 1199 253 1242 circum
265 1211 300 1258 pr.
313 1210 359 1242 sec.
376 1196 462 1241 Moret.
475 1211 570 1258 propere
585 1197 666 1253 Rom,
681 1209 704 1242 et
718 1195 758 1243 alii
770 1195 860 1260 aliquot
874 1197 937 1259 apud
949 1199 1023 1256 Pier.‚
1038 1215 1064 1247 ut
1075 1205 1118 1248 inl.

65 1285 89 1315 v.
104 1267 163 1330 573,
179 1277 202 1312 et
216 1264 272 1310 alibi
283 1267 356 1310 variat
367 1264 438 1311 lectio
449 1265 506 1312 huc.
520 1269 587 1328 pueri
595 1270 680 1330 aurt'qoe
689 1266 743 1311 Obl.
759 1279 782 1313 et
791 1269 954 1314 venerareris
964 1293 995 1306 ·-
1005 1271 1042 1316 86.
1053 1273 1121 1334 pulsa

67 1337 124 1385 edd.
139 1349 195 1384 vett.
210 1334 328 1398 pleraeque
338 1351 391 1381 cum
400 1336 452 1382 tld.
467 1353 502 1398 pr.
514 1350 537 1387 et
551 1353 610 1393 sec,
625 1339 705 1400 sieque
720 1338 781 1383 Gud.
795 1350 818 1384 et
829 1340 921 1400 Menag.
931 1355 967 1401 pr.
982 1342 1056 1402 Bigot.
1067 1359 1121 1390 cum

65 1408 131 1453 binis
145 1405 216 1451 Goth.
231 1404 317 1450 Melius
329 1409 402 1451 ceteri
413 1421 466 1451 cum
475 1405 527 1451 Ald.
540 1418 593 1453 tert.
610 1419 633 1453 et
642 1423 707 1471 seqq.
719 1406 808 1470 plausa.
820 1407 884 1453 Alter
896 1409 977 1453 llamb.
989 1421 1012 1454 et
1026 1411 1067 1456 Ed.
1082 1429 1118 1475 pr.

66 1482 148 1526 Burm.
162 1476 250 1525 clausa.
264 1481 376 1524 comantia
388 1479 426 1526 vel
440 1482 547 1526 mutanda
559 1481 584 1526 iu
594 1494 665 1543 marg.
681 1480 750 1527 Goth.
768 1487 820 1528 te'rt.
831 1505 861 1517 -
871 1480 909 1542 87.
923 1480 1039 1544 squalente
1051 1484 1120 1531 Goth.

67 1639 159 1706 dicae,
173 1639 306 1692 declarari
318 1653 427 1712 aposta
443 1659 575 1693 summurn
619 1645 726 1696 Maroni
733 1655 773 1696 est
783 1660 885 1694 merum
893 1655 1079 1697 ornamentum
1089 1665 1120 1699 ac

69 1719 195 1770 ardorem
207 1720 291 1770 Turni
300 1732 326 1770 et
338 1739 434 1792 pugnae
446 1721 572 1772 studium.
618 1723 772 1796 figmentum
784 1724 935 1794 poeticum
948 1742 997 1777 nec
1010 1726 1043 1778 (le
1059 1746 1122 1797 pro·
1140 1713 1145 1726 κ

68 1801 152 1852 Recte
174 1800 285 1868 utique;
304 1798 385 1849 modo
404 1818 438 1850 ne
458 1801 579 1850 animum·
619 1801 758 1854 habilitate
779 1801 908 1853 historica
927 1802 971 1855 ille
992 1804 1119 1857 laborat:

70 1881 131 1950 quis
144 1878 180 1931 ad
189 1879 317 1950 temporis
326 1879 493 1930 notationem
504 1890 575 1930 retu·
621 1883 737 1952 antiquis
756 1899 820 1932 vero
840 1894 896 1932 erat
917 1881 1076 1951 phantasma
1094 1887 1122 1936 in

69 1959 141 2011 lerit.
620 1977 741 2011 sermone
763 1958 878 2009 hominis
898 1960 1076 2023 inhonoretur,
1092 1975 1124 2014 ut

107 2039 150 2092 83.
171 2040 278 2090 Poetieo
293 2056 367 2089 more
384 2055 516 2108 equorum
532 2056 575 2108 ge·
618 2042 705 2091 ventis
715 2050 808 2090 natum
821 2039 920 2090 diceret
933 2057 1031 2112 equum
1042 2060 1123 2094 cursu

69 2137 121 2170 nus
135 2131 222 2169 ornat.
240 2117 305 2170 Sunt
320 2117 350 2169 hi
363 2118 447 2168 'l'urni
464 2117 526 2187 equi
542 2135 574 2168 ex
618 2117 714 2188 rapido
727 2117 885 2168 mirabilem.
899 2119 1054 2190 Progeniem
1064 2140 1123 2172 mo-

69 2198 204 2264 Thracia,
220 2199 310 2248 Boreae
320 2195 400 2262 sede,
415 2198 491 2266 cujus
507 2213 574 2247 uxor
619 2198 654 2250 do
672 2200 810 2251 memorati
827 2200 939 2249 armenti
954 2198 1123 2252 Erichthonii

69 2279 185 2351 Orithya
198 2297 229 2330 ex
240 2278 346 2330 Attica:
360 2281 433 2330 conf.
447 2277 572 2350 Apollon.
619 2278 851 2332 hucvooatlulius
862 2275 991 2330 Sabinus:
1003 2300 1057 2332 non
1068 2300 1123 2333 ma·

68 2360 97 2425 l,
116 2375 164 2410 art
185 2375 242 2428 sqq.
258 2359 282 2408 A
297 2359 386 2410 Boreae
404 2369 493 2409 autem
510 2375 575 2410 eura
619 2360 658 2432 gis
667 2357 814 2410 commode.
822 2357 1121 2412 Probabilioreinvento

70 2456 203 2510 equorum
222 2437 314 2489 laudes
332 2450 456 2508 repetunt
472 2451 574 2508 poetae;
621 2438 792 2492 Penthesilea
805 2455 888 2508 equos
904 2438 938 2489 ab
951 2438 1063 2512 Orithya
1076 2440 1124 2491 do·

70 2520 153 2570 etiam
166 2520 305 2569 Homerus.
314 2517 384 2569 Nam
392 2516 576 2592 Erichthonio,
621 2533 700 2572 natos
713 2520 830 2571 narravit
839 2519 873 2584 Q.
888 2517 1001 2570 Calaber
1012 2519 1123 2574 aCerda

69 2597 193 2652 Dardani
204 2596 258 2648 filio
276 2610 352 2650 erant
368 2616 443 2668 equae
459 2617 475 2648 a
491 2599 578 2649 Borea
619 2605 676 2670 jam
687 2599 812 2651 laudatus
826 2598 872 2649 lib.
886 2599 914 2664 1,
930 2596 977 2648 165
993 2615 1030 2668 sq¹
1047 2600 1125 2652 decus

71 2679 142 2731 adeo
159 2680 187 2729 in
202 2695 300 2747 equum
319 2689 421 2728 mutato
440 2690 577 2748 prognata
622 2678 649 2729 h.
662 2679 679 2730 l.
693 2675 779 2746 piper,
791 2693 887 2727 munus
903 2675 1013 2728 honoris
1029 2697 1124 2731 caussa

70 2757 188 2820 iliada,
204 2759 254 2810 223
262 2774 337 2826 sqq,
351 2757 577 2826 quemadmodum
622 2755 727 2817 datum3
739 2774 782 2824 ap.
793 2756 900 2804 Homer.
915 2753 1025 2819 ἄγαλμ’.
1036 2785 1070 2794 -
1079 2757 1121 2822 84.

71 2837 184 2889 Achillis
194 2853 278 2906 equos
289 2853 320 2886 ex
329 2835 449 2886 Podarce
458 2836 578 2906 Harpyia
624 2835 677 2903 Qui
682 2823 705 2884 c.
717 2833 822 2882 ornavit
828 2833 997 2882 Homericum
1010 2833 1087 2884 Iliad.
1096 2855 1124 2896 κ,
1188 2830 1198 2844 “

72 2929 229 2984 susceperat
240 2913 375 2985 Zephyrus
388 2912 463 2964 Iliad.
475 2933 509 2975 rr,
529 2915 577 2964 150
622 2913 683 2981 437.
697 2913 732 2964 ef.
749 2909 825 2961 lliad.
838 2930 858 2960 rr
867 2948 875 2974 ,
897 2910 953 2979 149.
973 2933 1000 2972 e,
1015 2911 1074 2977 415.
1089 2942 1125 2954 --

72 3011 131 3064 seq.
148 2994 215 3059 Quae
231 2995 321 3045 emnia
336 2993 501 3044 celeritatem
518 3009 579 3043 eur·
624 2990 666 3042 85.
688 2989 815 3040 lacessunt
835 2987 931 3058 plausa
955 3003 1048 3042 ornate
1072 2989 1123 3061 pro

73 3091 120 3125 sus
145 3071 305 3124 adumbrare
328 3073 387 3140 quis
410 3089 466 3122 non
483 3070 579 3122 videti
622 3067 763 3138 plaudunt.
776 3068 810 3117 ef.
821 3066 868 3118 Ge.
881 3067 929 3131 lll,
944 3067 1000 3119 186.
1014 3069 1053 3120 De
1063 3088 1122 3121 voc.

71 3157 137 3206 Non
161 3151 229 3204 male
251 3163 340 3203 autem
361 3151 453 3202 Critici
475 3163 577 3202 veteres
624 3145 743 3198 lacessere
751 3144 784 3197 de
795 3145 1060 3214 quovismotu,alias
1072 3168 1124 3218 res,

72 3233 151 3306 apud
158 3232 277 3284 Servium
288 3229 577 3302 uculparunthocloc'o
622 3227 664 3279 vel
675 3225 755 3290 alios,
769 3243 821 3296 quo
832 3223 962 3276 afficimus
970 3226 1023 3276 vid.
1036 3228 1070 3279 ad
1082 3230 1124 3296 X,

74 3339 86 3362 a
98 3312 255 3384 Virgilium,
272 3310 391 3362 dicentes
403 3312 580 3382 incongruum
627 3323 706 3357 to.-·
715 3306 756 3374 87.
770 3304 932 3376 squalentem
941 3325 1007 3357 auro
1013 3345 1022 3372 ,
1035 3310 1125 3380 splen.

6 3407 7 3410 ’
77 3409 160 3444 «esse
182 3389 343 3462 figmentum.
370 3390 492 3459 Namque
520 3387 580 3438 Ori·
624 3383 1124 3455 dentem3vid.sup.adX‚314.alb0

6 3467 7 3494 ³
77 3472 166 3543 athys
188 3488 271 3540 quum
288 3469 457 3522 Atheniensis
477 3470 579 3534 fuerit,
624 3463 865 3533 orichaleotquum
874 3462 906 3514 de
915 3465 1029 3518 metallis
1040 3473 1124 3522 omni-

75 3575 89 3599 «
100 3550 157 3600 lilia
166 3548 314 3620 Terrigenae
325 3549 513 3620 (Erechthei),
524 3560 550 3599 et
563 3567 579 3599 a
623 3565 659 3597 no
673 3544 773 3608 multa,
791 3541 843 3593 fide
858 3561 954 3613 parum
972 3547 1123 3618 explorata,

77 3631 188 3679 «Borea
210 3629 238 3678 in
257 3626 401 3679 Thraciam
424 3641 502 3698 rapta
525 3628 577 3691 sit,
624 3624 768 3679 crediderit
783 3635 918 3688 vetustas,
934 3627 1012 3677 etiam
1025 3633 1125 3698 pretio.

6 3729 7 3732 ¹
77 3705 329 3777 «quemadmodum
340 3708 429 3776 potuit
441 3706 577 3768 Pilumno,
623 3724 682 3757 sum
692 3702 1126 3774 aliquodetauroproximumme·

78 3811 90 3834 a
104 3786 152 3856 qui
163 3796 220 3836 erat
231 3785 259 3834 iu
271 3786 362 3850 ltalia,
376 3802 459 3854 equos
472 3785 576 3836 darei»
623 3784 718 3837 tallurn
725 3795 835 3834 narrant
845 3795 931 3853 poetae
941 3783 1086 3852 ὁμίχαλκον,
1097 3809 1123 3842 v.

6 3867 8 3896 1
75 3865 185 3918 Scilicet
210 3861 359 3932 exemplum
381 3863 433 3914 hoc
455 3873 495 3915 est
516 3880 579 3914 usus
625 3883 648 3916 c.
657 3865 752 3933 Hymn.
762 3864 870 3912 Homer.
879 3862 911 3928 V,
921 3880 946 3930 9,
955 3865 1124 3920 maleanon·

6 3967 8 3978 ¹
76 3941 231 4015 mythorum
250 3942 350 4011 poetici
373 3939 447 4010 apud
467 3944 580 3994 seriores
625 3942 705 3994 nullis
722 3940 856 3992 redditum
875 3941 1065 3997 aurichalcum.
1087 3951 1122 4000 cf.

6 4030 10 4059 ὅ
76 4035 174 4096 poetas
184 4034 239 4074 tani
246 4020 388 4076 diversiab
398 4038 448 4076 usu
460 4024 579 4095 antiquo.
625 4021 653 4074 h.
671 4019 689 4074 l.
705 4018 819 4075 Servius.
832 4020 900 4073 AEris
917 4039 1000 4091 genus
1014 4024 1126 4096 aliquod

166 4111 194 4183 4.
911 4125 944 4163 ιο
