2736 4598
369 297 605 365 AENEIDOS
628 300 782 367 LIBER
803 303 866 368 Xl.
1076 311 1134 374 231

138 421 229 486 Tum
241 423 387 490 Drances
399 422 489 488 idem
501 424 663 504 infensus,
678 450 780 515 quern
790 430 893 516 gloria
904 431 1023 513 Turni,

93 526 241 616 Obliqua
252 528 377 594 invidia
387 529 596 619 stimulisque
607 531 748 618 agitabat
759 536 891 614 amaris,

93 633 221 721 Largus
234 657 351 722 opum,
366 651 399 702 et
409 635 522 724 lingua
533 636 665 717 melior,
678 636 738 702 sed
751 639 870 726 frigida
880 640 969 707 bello

92 739 252 819 Dextera,
265 741 410 806 consiliis
422 740 553 806 habitus
565 765 633 806 non
646 742 750 808 futilis
762 761 891 825 auctor,

94 843 266 910 Seditione
278 862 413 933 potens,
425 869 529 933 genus
541 845 620 912 huic
631 863 778 912 materna
787 850 973 938 superbum
1097 867 1148 924 ste

41 997 45 1004 «
93 949 257 1016 Nobilitas
269 950 381 1032 dabat,
395 953 559 1018 incertum
571 952 613 1018 dc
625 970 717 1040 patre
730 954 873 1035 ferebat;

94 1054 219 1143 Surgit,
234 1057 329 1124 ethis
342 1075 458 1124 onerat
469 1058 579 1139 dictis,
592 1075 692 1149 atque
703 1077 836 1148 aggerat
847 1063 932 1127 iras:

144 1189 158 1218 u
173 1164 256 1226 Rem
268 1165 351 1229 nulli
363 1164 552 1245 obscuram,
566 1181 685 1230 nostrae
698 1189 760 1231 nec
772 1168 862 1232 vocis
875 1185 1041 1256 egentem,

95 1267 264 1348 Consulis,
278 1292 298 1334 o
310 1269 398 1335 bone
411 1293 486 1336 rex:
500 1272 611 1336 cuncti
623 1292 658 1336 se
670 1272 754 1337 scire
766 1272 927 1352 latentur,

94 1373 185 1456 Quid
199 1375 331 1441 fortuna
343 1377 426 1442 ferat
437 1376 641 1465 populi;sed
654 1376 765 1444 dicere
777 1397 935 1444 mussant.
1099 1395 1147 1454 als

95 1483 162 1545 Det
173 1481 358 1548 libertatem
371 1482 477 1562 fandi,
491 1483 655 1572 flatusque
668 1485 826 1564 remittat,

128 1640 183 1686 336.
205 1644 267 1688 Tunc
281 1641 311 1687 al.
331 1642 428 1706 infessus
443 1658 487 1704 pro
503 1642 598 1706 infestus
615 1645 675 1691 Veu.
699 1646 727 1690 Iu
743 1657 794 1691 toto
808 1661 878 1694 versu
897 1647 998 1692 nitorem
1019 1645 1127 1694 desidero
1139 1664 1150 1695 r

96 1711 156 1756 diem
167 1709 280 1773 infensus,
289 1728 364 1778 quem.
376 1716 469 1762 Servius
480 1731 485 1759 :
497 1715 600 1761 Drances
615 1715 686 1771 idem,
702 1713 824 1771 videlicet,
841 1717 882 1778 qui
893 1729 963 1777 supra
979 1716 1042 1778 apud
1053 1719 1148 1769 AEnearu

97 1794 185 1844 egerat.
198 1785 248 1830 lloc
260 1785 335 1832 facere
346 1786 445 1847 impedit
461 1789 595 1848 oppositum
611 1786 719 1849 infensus.
735 1786 842 1843 Mollior,
861 1799 930 1848 puto,
945 1789 1018 1834 exiret
1030 1791 1116 1846 oratio,
1128 1795 1148 1838 si

94 1859 131 1902 sic
140 1859 253 1919 scriptum
266 1870 338 1904 esset:
354 1862 413 1904 Tum
427 1860 530 1905 Drances
535 1891 544 1914 ‚
555 1859 613 1904 idem
618 1891 626 1914 ,
637 1859 749 1921 defensum
757 1875 826 1922 quem
840 1857 912 1923 plotio
923 1862 995 1904 Tomi
1001 1885 1034 1895 -
1041 1861 1147 1925 agitabat.

96 1930 132 1974 Ex
143 1927 210 1975 libris
221 1929 256 1975 uil
265 1942 371 1977 notatum
384 1931 462 1978 video.
471 1956 503 1966 -
513 1931 566 1990 337.
577 1946 622 1994 que
638 1931 704 1976 abest
721 1931 803 1976 Franc.
817 1942 840 1976 et
851 1928 921 1975 Goth.
931 1941 985 1975 tert.
993 1956 1025 1966 -
1035 1932 1088 1978 338.
1102 1941 1124 1977 et
1135 1951 1148 1978 a

95 1998 204 2046 Parrbas.
222 2000 294 2046 abest.
308 1999 389 2066 linque
398 2001 477 2048 melior
492 2001 574 2062 legisse
590 2000 666 2048 uideri
677 2011 754 2061 potest
761 2001 868 2046 Servius:
884 2015 937 2044 uam
953 1998 1062 2047 laudatur
1074 2002 1103 2048 ab
1119 2019 1150 2049 eo

98 2086 149 2116 non
160 2069 233 2118 modo
246 2086 279 2117 vs.
291 2070 334 2129 441
347 2072 389 2118 lib.
402 2073 413 2116 l
426 2072 555 2132 loetr'ssimps
567 2070 660 2127 umbra,
671 2071 713 2116 uhi
725 2069 810 2116 umbros
822 2086 876 2116 eum
889 2069 972 2131 legisse
983 2071 1106 2132 probabile
1116 2073 1150 2129 lit3

97 2139 142 2188 ted
151 2151 175 2186 et
186 2139 289 2186 Sallustii
300 2142 322 2186 ll
334 2142 393 2188 llitt.
398 2141 522 2204 fructuum
531 2140 653 2206 pabulique
665 2139 730 2186 leues
741 2155 802 2204 ager.
816 2139 892 2202 Atque
901 2142 934 2186 sio
943 2141 1082 2187 emendabat
1089 2158 1149 2204 quo-

99 2227 147 2275 que
157 2210 309 2268 lllarklandus
320 2214 345 2258 iu
357 2212 458 2276 Epistola
466 2215 546 2260 critica
555 2229 608 2276 pag.
622 2227 661 2258 rar
670 2247 678 2268 ,
686 2224 709 2258 et
716 2210 890 2273 Cuuinglramus
898 2209 949 2256 Silii
959 2210 1035 2256 simile
1045 2211 1133 2258 dicturo
1143 2229 1148 2258 :

91 2282 145 2344 sisti
153 2280 232 2328 melior
243 2281 285 2328 lib.
297 2283 327 2339 V,
338 2282 383 2330 333
394 2317 401 2340 ,
413 2285 519 2331 advocat.
537 2285 610 2330 Docte
620 2285 652 2329 ita
664 2283 730 2345 loqui
742 2293 822 2344 poetas
836 2296 906 2327 tremo
916 2280 1015 2326 dubitet.
1027 2282 1074 2329 Sed
1085 2283 1149 2330 ideut

99 2353 234 2416 exemplum
245 2355 275 2400 ab
288 2354 384 2402 indocto
393 2355 489 2403 bomine
498 2355 595 2403 aliunde
605 2355 705 2403 adscribi
717 2356 805 2418 potuit,
819 2364 842 2400 et
853 2353 1001 2400 ambitiosum
1013 2366 1071 2402 suet
1082 2359 1149 2420 puti-

98 2425 217 2488 dumque,
229 2426 288 2472 tales
299 2427 395 2473 deliciae
406 2428 495 2490 ubique
504 2430 587 2474 sectari
599 2426 668 2475 velle.
680 2426 784 2473 Tandem
790 2425 878 2490 fn'qt'da
887 2424 970 2471 bellum
980 2442 1026 2473 sec.
1038 2429 1149 2475 Rottend.

97 2523 130 2533 -
142 2497 196 2558 339.
210 2497 338 2562 rtonfirtilis
349 2508 413 2546 actor
424 2499 514 2562 aliquot
526 2501 587 2546 Pier.
596 2525 628 2535 -
636 2499 691 2557 341.
698 2498 806 2562 ferebant
816 2499 882 2544 llom.
895 2497 955 2544 Gud.
966 2514 979 2543 a
991 2515 1021 2542 rn.
1035 2514 1081 2545 sec.
1092 2499 1151 2547 alter

97 2567 199 2614 Mentel.
214 2584 270 2614 am.
283 2585 319 2631 pr.
336 2580 360 2616 et
378 2571 482 2632 liugan,
501 2569 566 2633 quod
583 2587 664 2617 verurn
682 2571 798 2615 arbitror:
812 2569 912 2629 praefero
929 2566 1023 2622 saltem
1035 2570 1150 2615 incertum
1198 2571 1205 2584 “

101 2642 234 2702 ejusgenus
243 2641 273 2687 de
283 2653 349 2703 patre
359 2641 460 2687 aiebant.
473 2643 563 2703 recepit
572 2644 641 2688 etiarn
650 2641 752 2687 Brunclr.
758 2638 852 2702 ferebat
859 2654 908 2684 esse
918 2655 961 2700 pro
971 2638 1072 2685 babebat
1078 2656 1152 2701 genus

98 2712 217 2756 incertum
231 2709 261 2758 de
272 2723 347 2774 petre.
358 2735 391 2746 -
402 2709 456 2767 342.
475 2719 574 2756 auxerat
584 2711 653 2757 Goth.
667 2722 720 2758 tert.
738 2717 829 2774 uqoeqat
839 2708 937 2778 Dorvill,
949 2733 982 2743 -
993 2707 1046 2764 344.
1059 2718 1079 2753 te
1095 2713 1152 2754 sciro

99 2778 201 2826 Dorvill.
212 2796 265 2826 am.
277 2796 323 2827 tec.
335 2779 429 2837 -3ts
443 2781 609 2845 Quidfortunc
619 2790 682 2844 petat
691 2781 778 2826 Medic.
792 2779 854 2824 Gud.
867 2795 879 2824 a
891 2794 923 2822 m.
935 2793 981 2824 sec.
997 2789 1020 2822 et
1031 2777 1099 2824 multi
1111 2778 1151 2825 alii
1212 2841 1214 2849 γ

101 2866 141 2912 ap.
154 2850 234 2896 lleins.
248 2863 271 2896 et
282 2853 361 2897 Dium.
373 2868 427 2898 cum
439 2853 509 2898 Goth.
529 2864 581 2900 tert.
594 2852 672 2898 Altera
684 2851 755 2899 lectio
769 2861 827 2896 vett.
845 2849 899 2895 edd.
917 2847 1020 2903 obsidet,
1034 2858 1057 2892 et
1068 2851 1152 2893 merito

40 2968 44 2974 ,
99 2920 225 2983 praefertur
235 2938 240 2967 :
250 2921 316 2984 ferat
332 2935 366 2970 est
384 2923 499 2986 postulet,
518 2926 616 2987 ejusque
635 2923 809 2984 interpretatio,
827 2927 901 2982 petat,
918 2929 945 2963 ut
962 2919 1040 2962 Burm.
1055 2933 1150 2980 quoque

137 3051 198 3106 336.
212 3055 283 3106 Male
298 3055 429 3129 ingeniosi
443 3055 566 3110 nonnulli
577 3057 604 3108 in
649 3049 978 3106 numablroclocovideri
988 3059 1086 3119 potest,
1095 3051 1150 3101 sive

101 3131 209 3186 Drance
227 3133 402 3203 Ciceronem,
421 3149 451 3188 ut
469 3139 496 3188 in
512 3136 603 3187 Turno
649 3135 723 3186 dives
737 3135 788 3198 sit,
806 3134 861 3186 side
878 3129 1004 3182 liberalis.
1022 3131 1051 3180 ln
1064 3130 1151 3181 verbis

101 3213 141 3263 M.
156 3213 302 3266 Antonium
316 3217 477 3286 quasivere;
492 3218 604 3268 Ursinus
648 3216 747 3279 Turni,
770 3212 867 3284 quibus
888 3208 1050 3280 respondet,
1068 3223 1108 3262 est
1125 3229 1150 3263 r.

102 3295 132 3346 in
141 3293 246 3346 Drance
258 3295 475 3367 Polydamantem
485 3294 561 3348 lliad.
570 3315 603 3362 μ,
649 3297 701 3365 378
714 3297 841 3366 Largo...
852 3290 1027 3362 copiafandi.
1039 3321 1074 3332 -
1087 3291 1152 3358 340,

103 3371 423 3444 arosqq.MacrobiusV,
435 3374 602 3428 adcldllem:
650 3376 712 3441 341.
725 3376 834 3426 Poetam
849 3371 902 3423 boc
919 3370 954 3422 ad
970 3383 1094 3422 ornatum
1106 3389 1153 3422 ex-

104 3465 249 3523 utrumque
272 3455 351 3506 nimis
373 3454 475 3506 sedulo.
499 3455 606 3506 Diceret
651 3457 782 3528 cogitasse
793 3451 935 3524 probabile
945 3461 992 3502 est.
1009 3449 1095 3502 Julius
1112 3463 1154 3502 ta-

103 3534 200 3586 saltem
214 3534 333 3605 aliquid,
351 3538 398 3606 qui
415 3536 555 3590 Thersiten
575 3553 608 3596 ex
652 3556 712 3589 men
731 3535 861 3598 Sabinus,
879 3533 972 3584 nescio
988 3529 1079 3596 unde,
1100 3531 1155 3582 huc

103 3612 217 3676 lliadqd,
229 3631 279 3666 ata
288 3632 346 3685 sqq.
356 3616 607 3668 anteoculosluisse
652 3617 807 3668 annotavit:
823 3613 917 3664 ·fitius
932 3614 1032 3663 sororis
1049 3611 1154 3676 Latini,

105 3693 300 3760 contenderet,
322 3694 370 3747 sed
394 3694 559 3765 turpitudine
583 3707 609 3748 et
653 3711 729 3769 patre
742 3696 874 3747 rustico..

104 3772 222 3842 probro,
233 3790 287 3845 quo
295 3773 334 3826 ibi
343 3773 447 3845 flagrat,
457 3773 607 3826 liberatum.
690 3777 750 3842 342.
764 3784 874 3839 onerat,
894 3772 973 3824 docte
991 3791 1042 3842 pro
1058 3785 1155 3842 auget,

104 3853 193 3904 Etiam
213 3854 236 3905 is
260 3853 496 3918 ἴχᾶιποεἈχιλιῖι,
513 3866 543 3904 ut
564 3852 609 3906 hie
654 3853 805 3908 accumulat
825 3851 888 3904 odia
908 3853 936 3902 in
959 3851 1155 3916 eunus-345.

106 3931 244 4003 infensus:
265 3931 360 4005 lingua
379 3931 486 3997 melior,
498 3933 607 3998 fortior,
654 3944 787 3998 mussant,
800 3943 975 3998 cunctantur,
989 3949 1043 3982 non
1056 3929 1156 3982 audent

106 4033 188 4084 quarn
199 4032 290 4067 manu.
305 4017 339 4068 tt
352 4012 440 4086 larque
451 4032 532 4084 opum
547 4013 610 4068 alie·
653 4013 751 4067 dicere.
762 4043 796 4054 -
806 4011 867 4079 346.
883 4009 963 4082 flotus
971 4046 980 4074 ‚
998 4006 1109 4074 φύσημα,
1122 4005 1156 4058 de
