2690 4596
260 315 324 397 430
518 397 522 406 ι
591 309 803 376 musnet
824 311 975 376 veen

206 491 209 500 .
257 441 300 504 Et
311 435 433 526 galeas,
446 451 481 500 et
491 455 611 524 equos,
625 455 788 522 ensesque
800 450 834 498 et
845 435 909 499 tela
922 435 1079 501 ferentes.

258 547 335 610 Post
346 563 462 608 currus
474 539 615 630 Phrygia
626 539 783 608 sudentoe
795 540 887 606 caede
898 560 1097 631 sequuntur.

259 653 289 715 lt
300 649 487 727 lacrimans,
502 662 535 712 et
547 645 640 712 ducit
651 669 776 735 equum
788 645 884 712 docta
895 647 966 713 arte
978 649 1142 715 Metiscus

259 759 452 834 Rorantem,
467 769 500 818 et
511 752 593 818 fletu
603 751 791 833 medidunm
804 755 862 843 qui
873 772 1007 820 vexerat
1017 773 1096 821 ante
1278 772 1316 834 19⁵

258 863 428 928 Victorem
439 862 608 939 Turnum,
620 877 720 948 atque
732 857 844 925 hostili
856 873 963 949 stmge
976 862 1157 929 furentem.

261 969 348 1046 Hinc
360 968 415 1034 alii
426 987 521 1034 versa
529 988 620 1030 arma
632 981 772 1054 gerunt:
783 981 855 1029 tum
866 982 976 1031 cetera
988 967 1095 1055 pubes

260 1075 358 1140 Flens
370 1060 534 1163 sequitur,
547 1071 711 1160 largisque
719 1070 893 1137 humectat
903 1088 1040 1160 pectora
1052 1077 1168 1163 guttis.

259 1183 301 1246 Et
309 1180 378 1270 jam
391 1179 468 1244 fessi
481 1177 574 1242 ibant
584 1199 645 1266 per
655 1193 746 1242 muta
757 1177 887 1242 silentia
901 1179 1008 1244 noctis

260 1286 432 1352 Caedentes
444 1305 761 1372 sese3gressumque
773 1284 808 1347 in
820 1301 907 1352 tecta
918 1285 1056 1351 Latinus
1275 1317 1315 1350 ιω

260 1392 423 1470 Flexeret,
437 1391 563 1478 ingenti
574 1388 725 1455 turbatus
738 1390 857 1456 funere
869 1407 1026 1456 mentem.

261 1499 334 1562 Una
348 1518 463 1562 omnes
475 1495 625 1562 lacrimae
636 1512 775 1576 matres,
784 1497 947 1586 puerique
960 1515 1128 1587 senesque

260 1601 472 1680 Fundebant,
485 1619 636 1666 moestam
648 1602 824 1690 implentes
836 1601 1017 1690 mugitibus
1029 1603 1162 1669 urbem.

261 1710 388 1775 luscius
400 1707 442 1772 ud
454 1723 562 1772 tantos
575 1709 712 1772 Daunus
724 1729 898 1796 superesse
910 1707 1058 1788 dolores,

261 1817 303 1880 Et
315 1830 429 1879 natum
441 1829 589 1878 extremo
598 1831 836 1904 consumptum
848 1819 954 1880 Marte
967 1815 1151 1904 superbam
1274 1831 1311 1878 20⁵

261 1921 429 1986 Effudisse
440 1921 598 2000 enimam,
611 1920 776 2010 largisque
788 1921 831 1986 ad
841 1923 964 1988 muenia
976 1921 1055 1986 duci

262 2031 346 2094 Cum
358 2027 514 2107 lacrimis,
527 2027 609 2091 elios
621 2027 761 2115 gemitus
774 2049 936 2116 curasque
947 2027 1094 2092 fovebat.

261 2137 412 2223 Namque
425 2157 464 2198 ex
475 2132 605 2198 diversa
617 2132 774 2198 caderent
786 2131 866 2198 dum
879 2150 972 2222 parte
985 2133 1111 2213 Latini,

264 2247 303 2309 Et
315 2243 421 2308 calido
434 2243 567 2304 Turnus
580 2239 720 2306 foedaret
731 2241 890 2328 sanguine
902 2257 1037 2319 terrum,

262 2374 377 2427 Pallanti
388 2393 420 2426 ex
432 2375 563 2426 sententia
574 2375 714 2426 instruere.
726 2374 822 2427 Latino
832 2393 896 2428 vero
906 2393 988 2446 quum
1001 2373 1124 2445 quodam
1137 2375 1224 2428 modo
1234 2379 1309 2429 victus

263 2459 312 2520 sit,
332 2473 387 2506 non
403 2455 531 2525 competit
548 2471 579 2504 ex
595 2453 761 2504 Teucrorum
778 2454 950 2526 corporibus,
968 2473 1097 2525 pompam
1115 2456 1261 2510 funebrem
1276 2459 1309 2508 in·

263 2549 380 2597 struere;
399 2551 461 2584 nam
479 2532 507 2586 id
527 2545 596 2584 esset
610 2532 760 2584 victoribus
779 2534 915 2586 insultare.
933 2534 964 2584 A.
980 2563 1015 2572 -
1033 2534 1092 2602 194.
1110 2535 1248 2588 Metiscus.
1263 2537 1308 2604 Qui

264 2617 350 2670 dictus
365 2628 401 2668 cst
416 2614 509 2685 auriga
521 2612 605 2664 Turni
619 2613 717 2677 luisse,
731 2615 800 2665 sicut
814 2614 908 2666 Aeetes
920 2613 1062 2678 Pallantis,
1077 2613 1113 2666 de
1127 2619 1223 2686 quoin
1236 2616 1307 2668 unde·

264 2699 333 2750 cimo
342 2695 445 2750 AEneid.
458 2692 490 2746 85
497 2697 508 2756 ξ
515 2693 631 2744 Ducitur
642 2691 739 2762 infelix
750 2710 804 2744 oevo
813 2691 961 2760 confectus,
968 2693 1077 2762 fedam
1084 2697 1190 2768 pugnis
1197 2710 1306 2769 putem,

265 2796 312 2831 ora
325 2775 472 2850 unguibus,
482 2784 509 2826 et
522 2774 607 2824 Terroe
614 2783 746 2845 propectus
758 2783 810 2826 tote
820 2790 934 2844 corpore.
948 2771 991 2826 Sic
1004 2773 1072 2826 ibid.
1086 2776 1142 2844 89:

369 2874 445 2935 Post,
457 2871 573 2924 bellator
585 2887 684 2940 equus,
696 2871 791 2940 positis
803 2870 965 2942 insignibus,
976 2869 1075 2922 AEthon

370 2955 398 3004 It
409 2951 573 3022 lacrymans,
585 2952 720 3022 guttisque
732 2949 869 3002 humectat
880 2949 1027 3022 grandibus
1040 2967 1096 3002 ere.

264 3092 298 3103 -
312 3075 369 3130 197.
381 3059 454 3110 Hinc
464 3055 516 3108 alii
526 3075 597 3109 uersa
609 3073 684 3108 anna
693 3066 798 3129 gerunt.
810 3057 899 3129 Pergit
912 3057 1066 3125 Maronm,
1079 3057 1224 3111 simulator
1235 3057 1305 3111 incal-

264 3143 349 3208 lidus,
362 3140 439 3214 quasi
449 3138 580 3200 verbatim
591 3139 755 3208 exprimere,·

511 3236 579 3288 Turia
592 3251 686 3290 moesta
698 3236 828 3308 phalanx,
839 3237 990 3306 Teucrique
1002 3248 1155 3306 sequuntur

369 3318 552 3393 Tyrrhenique
565 3317 661 3383 duces,
674 3331 701 3370 et
713 3318 789 3370 versis
799 3317 916 3370 Arcades
928 3316 1019 3368 armis.
1055 3317 1107 3384 xl,
1121 3317 1167 3388 93.

264 3455 300 3468 -
313 3441 372 3480 noo.
381 3443 550 3498 gressumque
561 3423 591 3477 itt
604 3433 671 3475 tecta
681 3422 799 3476 Latinus.

581 3520 638 3572 Nec
649 3519 726 3590 plura
738 3519 853 3584 effatus,
864 3516 981 3569 udaltos
1013 3526 1015 3530 '

280 3635 285 3644 .
371 3596 626 3665 Tendebatmuroe,
638 3612 811 3670 gressumque
822 3599 851 3648 in
863 3609 952 3650 eastra
961 3594 1076 3650 ferebat.
1116 3595 1187 3647 Ibid.
1201 3597 1244 3668 9ll.

265 3725 300 3735 -
310 3694 369 3747 203.
386 3698 545 3768 mugitibus,
565 3687 612 3770 pro
628 3699 771 3769 ejulatibus
786 3698 860 3751 dixit.
878 3699 947 3749 Nam
964 3698 1082 3770 mugitus
1097 3699 1212 3769 proprie
1224 3711 1302 3751 tauro·

266 3792 325 3855 rum
337 3785 411 3835 sunt;
430 3774 543 3846 ejulatus
558 3778 699 3831 mulierum
714 3791 741 3832 et
757 3793 920 3850 puerorum-t
937 3777 1026 3848 mugit
1036 3793 1152 3848 quoque
1168 3777 1248 3843 tuba,
1265 3772 1301 3828 sed

263 3853 397 3905 homines!
413 3883 445 3890 -
458 3856 517 3921 204.
528 3857 629 3910 Inscius
636 3862 680 3908 ud
688 3868 773 3929 tuntas
784 3871 835 3912 ete.
852 3855 957 3928 Nempe
966 3857 1090 3922 neseius,
1099 3869 1194 3908 tentos
1205 3858 1255 3910 sibi
1266 3855 1301 3905 do

264 3931 334 3984 lores
352 3948 498 4001 superesse.
511 3955 697 4012 -superesse‚
711 3937 740 3990 id
752 3951 806 4004 est,
822 3938 996 4008 superstitem
1011 3951 1085 4004 esse,
1098 3947 1128 3988 et
1141 3949 1251 3990 restare.
1266 3934 1302 3984 Est

262 4008 357 4080 pathos
368 4009 401 4062 al
413 4029 447 4064 eo
459 4012 532 4081 quod
545 4013 642 4070 accidit
652 4029 750 4090 preter
760 4019 929 4090 opinionem,
948 4029 975 4069 et
987 4012 1070 4088 quod
1075 4015 1192 4070 minime
1206 4014 1302 4069 vereba-
